2894 4890
1191 192 1255 265 295

28 400 151 469 cionem
198 396 298 467 dicti
332 400 438 469 nostri
470 404 661 471 monasterii
701 408 735 469 et
766 408 910 471 nostram
944 402 1050 469 lucere
1086 405 1261 484 meliorem,

29 510 159 573 nutura
187 506 449 575 deliberacione
473 514 679 593 numaeque
698 510 854 592 solempni
885 528 922 575 uc
940 510 1085 575 unanimi
1101 529 1259 577 consensu

28 614 185 677 nmirum
215 612 374 677 omnium
398 612 537 695 desuper
566 614 790 695 capitulariter
820 613 1010 695 probabitis,
1034 616 1202 680 comodum
1228 619 1260 679 et

29 714 227 781 utilitatem
253 720 462 781 nostramet
490 716 569 783 dicti
591 718 695 783 nostri
725 719 914 783 monasterii
944 717 1061 781 exinde
1093 722 1259 800 reportare

29 825 229 903 sperantes,
254 818 498 886 broseatorinm
520 826 719 887 nostramet
750 822 828 887 dicti
851 822 953 887 nostri
976 820 1165 886 monasterii
1187 838 1259 885 cum

31 930 99 991 orto
124 926 170 991 in
208 922 332 991 Obora
365 925 463 990 situm
493 930 528 991 ct
558 932 701 992 erectum
735 944 834 1008 penes
868 926 997 991 Gallum
1028 926 1203 990 oleaturem
1225 925 1259 991 in

31 1030 99 1095 acie
126 1048 172 1096 ac
202 1029 364 1095 omnibus
387 1030 456 1095 suis
486 1049 558 1097 cuum
591 1031 777 1095 attinenciis
808 1030 847 1095 ab
871 1031 1005 1111 antiqno
1028 1029 1258 1111 spectantibus,

33 1134 318 1217 quibuscumque
341 1134 407 1199 siut
422 1134 593 1216 designata
607 1135 784 1217 vocubulis,
807 1134 840 1198 in
863 1133 932 1199 suris
948 1134 1043 1199 nunctis
1065 1137 1099 1197 et
1122 1134 1258 1215 gadibus

34 1237 281 1321 exposuimus,
301 1236 487 1320 locavimus,
507 1237 654 1303 dedimus
669 1243 703 1302 ct
719 1238 990 1321 ur[r]endaximns
1006 1242 1040 1302 et
1055 1236 1260 1319 presentibus

36 1343 250 1425 exponimus
275 1344 310 1405 et
324 1342 437 1407 damus
460 1361 518 1423 pro
535 1362 635 1408 censu
659 1359 774 1423 annuo,
799 1347 834 1407 nt
855 1342 941 1407 inira
964 1343 1098 1421 dicetur,
1122 1343 1258 1407 honesto

37 1448 107 1513 viro
132 1447 259 1527 Petro,
282 1445 354 1511 'civi
384 1444 519 1512 Minoris
549 1446 691 1512 civitatis
714 1448 893 1529 Progensis,
929 1454 961 1512 et
991 1443 1165 1511 heredibus
1188 1446 1258 1512 suis

41 1550 81 1615 ad
100 1550 319 1627 babendum,
342 1551 515 1615 tenendum
532 1556 565 1615 et
581 1550 800 1616 utilmendum
823 1556 857 1616 et
875 1550 1007 1633 pacifice
1030 1550 1258 1632 possidendum

43 1654 192 1738 singulis
229 1654 326 1719 annis
355 1655 585 1737 perpetuisque
618 1656 817 1739 temporibus
851 1674 923 1719 cum
953 1654 1196 1720 condicionibus
1226 1658 1260 1715 et

44 1760 153 1839 pactis
187 1755 427 1839 infrascriptis,
461 1757 613 1823 videlicet
647 1760 732 1838 qnod
766 1758 911 1839 prefatus
946 1758 1059 1822 Petrus
1088 1757 1258 1839 ipsiusque

46 1862 193 1929 heredes
216 1861 357 1942 singulis
381 1863 473 1926 aunis
497 1862 537 1925 de
567 1862 711 1942 predicto
734 1862 935 1927 bruseatorio
959 1868 992 1926 et
1015 1866 1084 1926 orto
1107 1860 1200 1926 nobis
1225 1862 1259 1923 et

49 1970 164 2032 nostro
189 1966 392 2031 monasterio
425 1967 571 2046 predicto
605 1967 627 2029 4
657 1986 763 2049 sexag.
788 1986 831 2048 gr.
861 1984 1009 2049 pragens.
1040 1966 1167 2032 nomine
1192 1962 1259 2027 veri

51 2088 172 2136 census
196 2070 279 2134 dare
309 2071 344 2133 et
365 2069 488 2135 soluere
522 2070 641 2135 debent
671 2089 728 2151 por
749 2072 900 2151 medium,
936 2070 1087 2135 videlicet
1118 2069 1153 2133 in
1175 2067 1258 2133 lusto

52 2172 304 2240 Purificacionis
333 2173 394 2237 Bte
422 2172 522 2237 Marie
546 2173 720 2239 inmediate
752 2176 900 2255 sequenti
922 2175 1002 2239 duras
1025 2194 1132 2255 sexag.
1156 2192 1202 2254 gr.
1225 2175 1259 2237 et

54 2279 87 2343 in
109 2278 199 2344 festo
223 2274 294 2342 Scti
312 2276 427 2341 Jacobi
450 2277 589 2358 apostoli
612 2282 689 2342 tnnc
709 2283 859 2369 secuturo
884 2278 964 2343 duas
988 2298 1094 2360 sexag.
1118 2296 1163 2359 gr.
1187 2296 1258 2357 pre·

54 2384 231 2464 dictorum,
254 2386 289 2447 et
310 2382 359 2448 sic
380 2382 532 2464 deinceps
555 2384 691 2464 singulis
723 2384 816 2446 annis
847 2386 881 2445 et
902 2384 1048 2447 terminis
1070 2380 1258 2446 memoratis

56 2486 205 2568 quolibet
228 2503 314 2552 anno
336 2488 504 2569 perpetuis
528 2487 727 2569 temporibus
754 2487 933 2568 predictum
956 2505 1085 2551 censum
1108 2486 1201 2550 nobis
1225 2488 1258 2547 et

57 2595 171 2657 nostro
187 2591 386 2655 monasterio
401 2590 546 2672 predicto
563 2592 633 2657 sine
649 2592 735 2655 omni
751 2591 1009 2656 contradiccione
1028 2593 1061 2654 et
1079 2587 1258 2654 renitencia

59 2697 188 2762 soluere
222 2695 426 2760 tenebuntur.
480 2697 518 2760 In
556 2713 758 2776 quocumque
795 2699 904 2760 autem
938 2695 1156 2776 predictorum
1193 2697 1258 2758 ter·

57 2801 219 2866 minorum
242 2800 379 2866 termino
402 2799 453 2863 vel
475 2799 559 2864 inira
590 2804 661 2865 octo
695 2799 765 2864 dies
788 2803 865 2864 tunc
888 2799 1062 2864 inmediate
1086 2801 1257 2878 sequentes

59 2904 245 2987 sepedictus
275 2902 389 2968 Petrus
420 2908 477 2968 aut
506 2903 641 2967 heredes
673 2904 724 2967 sui
757 2921 821 2968 non
855 2902 1009 2967 solverint
1031 2920 1162 2967 censum
1184 2919 1257 2982 pre·

57 3012 359 3102 notatum,·extunc
381 3025 454 3072 mox
469 3008 504 3073 in
525 3026 641 3089 penam
664 3009 684 3073 5
701 3026 746 3088 gr.
763 3005 856 3071 nobis
880 3012 914 3069 et
928 3009 1038 3070 nostro
1060 3006 1257 3069 monasterio

56 3112 206 3193 predicto
230 3112 459 3177 solvendorum
480 3111 655 3190 incurrent,
690 3115 723 3175 et
758 3111 935 3176 consimilis
972 3127 1057 3191 pena
1079 3112 1202 3173 crescet
1225 3112 1258 3172 et

57 3234 206 3283 crescere
227 3215 324 3281 debet
344 3217 480 3298 singulis
503 3214 692 3297 septimanis
717 3215 852 3297 tamdiu,
876 3212 1030 3295 quamdiu
1052 3212 1250 3295 prescriptus
1265 3229 1287 3272 a
1301 3234 1348 3272 aa.

58 3328 179 3387 census
211 3337 351 3385 unacum
385 3319 531 3384 omnibus
569 3320 661 3401 penis
700 3317 894 3399 supradictis
928 3337 993 3384 non
1024 3317 1123 3383 fuerit
1164 3315 1258 3381 nobis

58 3429 92 3491 et
113 3428 227 3490 nostro
261 3425 458 3490 monasterio
490 3423 677 3504 plenissime
710 3425 903 3504 persolutus.
948 3424 1010 3489 Pro
1040 3422 1157 3505 quibus
1187 3419 1257 3501 qni·

58 3531 133 3596 dem
164 3546 264 3594 censu
296 3532 333 3613 et¹
356 3529 449 3610 penis
481 3547 546 3592 non
578 3527 693 3592 solutis
723 3546 781 3594 nos
812 3529 911 3595 abbas
933 3528 1096 3609 predictus
1123 3528 1179 3589 ant
1201 3523 1257 3605 qui

57 3652 116 3717 pro
141 3637 286 3715 tempore
309 3631 407 3698 inerit
428 3636 461 3697 et
483 3635 658 3697 conventus
674 3632 863 3698 monasterii
885 3632 1047 3715 prenotati
1068 3628 1255 3712 poterimus

58 3736 251 3804 debebimus
274 3736 375 3804 libere
409 3743 442 3803 et
474 3737 563 3802 licite
597 3737 637 3801 de
667 3737 812 3818 predicto
846 3735 1046 3802 braseatorio
1070 3736 1103 3797 et
1125 3735 1195 3796 orto
1219 3748 1256 3794 ac

59 3840 221 3907 uniuersis
242 3840 336 3909 bonis
357 3843 502 3924 ipsorum
517 3840 691 3906 mobilibus
714 3846 748 3905 et
768 3839 987 3920 inmobilibus,
1010 3837 1107 3902 rebus
1130 3838 1164 3899 et
1185 3852 1256 3916 per-

58 3944 212 4031 tinenciis
227 3944 482 4028 quibuscumque
497 3945 619 4011 ibidem
634 3945 772 4026 repertis
788 3962 847 4010 nos
863 3942 1090 4023 intromittere,
1113 3942 1255 4015 arestare

61 4056 94 4116 et
114 4048 321 4133 inpignerare
338 4052 439 4117 eciam
454 4049 623 4133 purgravio
639 4048 793 4131 Pragensi
809 4066 866 4114 sen
882 4046 1005 4112 ciuibus
1022 4050 1053 4109 et
1070 4043 1256 4111 consulibus

60 4154 197 4223 Minoris
220 4156 362 4222 civitatis
386 4161 419 4221 et
441 4170 552 4222 eorum
571 4151 800 4236 jurisdiccione
822 4152 953 4216 minime
969 4149 1137 4231 requisitis
1161 4148 1257 4212 velud

59 4261 94 4326 in
110 4260 316 4326 censualibus
332 4261 471 4326 subditis
488 4259 558 4325 fieri
570 4257 681 4342 [solet]
695 4273 797 4339 usque
814 4256 855 4322 ad
872 4254 1128 4322 satisfaccionem
1144 4270 1256 4318 censu-

61 4384 118 4431 um
132 4368 166 4429 et
183 4382 339 4447 penarum
355 4367 560 4430 retentarum.
585 4358 736 4426 Ceterum
750 4360 915 4442 predictus
930 4356 1043 4423 Petrus
1058 4357 1256 4438 heredesque
1344 4396 1349 4401 -

61 4468 113 4535 sui
134 4470 228 4537 nobis
251 4472 284 4532 et
306 4472 415 4534 nostro
437 4467 633 4533 monasterio
669 4467 973 4545 successoribusque
996 4460 1116 4527 nostris
1138 4460 1257 4526 debent
