2894 4890
203 216 265 283 180

303 421 418 488 Villa
439 419 678 486 Gostelecz.

109 583 131 622 6.
145 581 191 622 aaa.
304 553 342 617 In
365 552 443 616 villa
466 550 630 618 Costolecz
663 554 738 615 suut
776 549 812 612 13
842 549 939 628 lanei,
975 566 1110 629 quorum
1134 547 1275 627 quilibet
1297 549 1391 615 solvit

201 656 333 739 Georgii
355 659 398 722 30
421 676 465 738 gr.
489 660 523 720 et
546 654 632 719 Galli
655 657 698 719 30
721 672 766 736 gr.
792 656 825 718 et
848 651 985 733 quilibet
1007 651 1121 725 laneus
1143 651 1177 715 in
1200 651 1285 716 festo
1307 650 1393 717 Galli
1409 655 1440 679 '¹

200 764 330 826 tenetur
351 763 428 827 dare
451 764 485 824 et
508 760 630 824 solvere
652 760 693 823 de
728 758 809 822 61166
844 758 924 822 duas
958 757 1043 821 tinas
1074 774 1174 820 avene
1198 760 1232 819 et
1255 755 1415 839 quinque·

200 864 314 945 pullos,
335 866 376 930 de
398 864 504 930 medio
527 882 602 928 vero
624 864 719 927 laueo
743 861 823 927 duas
846 860 931 926 tinas
954 878 1055 925 avene
1078 862 1111 924 et
1133 857 1154 924 5
1176 859 1294 942 pullos.
1384 848 1387 855 ’
1418 855 1440 897 -“’

302 969 393 1034 Item·
407 968 503 1034 solvit
525 967 658 1049 Georgii
680 966 794 1032 subses
817 969 836 1032 8
861 984 906 1046 gr.
930 970 964 1029 et
986 963 1072 1029 Galli
1095 963 1115 1028 8
1139 982 1185 1044 gr.
1415 961 1440 982 ⁵

303 1074 384 1161 Item
407 1071 544 1154 quilibet
565 1073 678 1138 laneus
701 1068 797 1136 solvit
830 1089 888 1150 pro
920 1068 1053 1147 decimis
1083 1086 1180 1135 unam
1204 1068 1305 1135 116666
1329 1070 1416 1136 sili--

199 1166 284 1263 ginis
307 1182 340 1243 61
363 1177 536 1243 secundam
559 1195 658 1241 avene
682 1180 715 1239 et
737 1194 794 1256 pro
818 1172 992 1239 fumalibus
1015 1173 1035 1237 6
1058 1193 1185 1256 666666.
1416 1170 1440 1193 ’”

301 1285 382 1347 Item
405 1281 542 1348 66616616
557 1277 750 1362 parochialis
767 1284 800 1344 et
816 1279 879 1344 due
895 1282 1024 1345 aratore
1047 1283 1081 1344 et
1093 1277 1252 1361 plebanus
1269 1279 1395 1345 solvunt
1415 1292 1439 1319 ³

202 1385 335 1468 Georgii
357 1385 400 1451 30
422 1403 468 1466 gr.
493 1390 526 1450 et
549 1385 635 1450 Galli
658 1385 701 1449 30
723 1402 768 1464 gr.
792 1403 849 1464 pro
873 1383 1017 1465 pitancia
1038 1382 1183 1449 fratrum.

305 1490 387 1554 Item
410 1491 569 1556 secundus
604 1489 716 1556 subses
752 1487 838 1552 omui
871 1489 1052 1571 septimane
1085 1507 1149 1553 uuo
1182 1485 1237 1554 die
1260 1487 1394 1570 laboret,

122 1664 125 1675 g
202 1592 361 1675 quidquid
381 1594 561 1660 mandatur.
1367 1598 1370 1603 '

305 1697 387 1763 Item
404 1698 539 1779 quilibet
554 1697 667 1764 laneus
683 1702 812 1762 tenetur
835 1701 955 1761 metere
972 1696 1053 1762 duos
1068 1694 1138 1762 dies
1153 1697 1187 1761 in
1201 1697 1396 1764 hiemalibus

203 1807 236 1866 et
259 1803 340 1868 duos
362 1800 432 1869 dies
454 1803 488 1867 in
508 1802 708 1883 estivalibus
732 1805 765 1865 et
780 1801 861 1865 duos
885 1798 954 1866 (1166
977 1803 1107 1865 tenetur
1129 1800 1268 1882 quilibet
1290 1800 1396 1867 fenum

203 1904 333 1987 falcare,
358 1906 415 1971 sed
437 1907 555 1988 hospes
579 1906 676 1972 debet
698 1906 738 1971 de
761 1903 967 1988 siccleolione
989 1904 1168 1986 providere.

304 2007 435 2074 Summa
449 2028 563 2076 census
579 2030 602 2076 s.
621 2010 753 2092 Georgii
769 2012 789 2075 6
805 2028 911 2090 sexag.
937 2014 971 2073 ot
988 2009 1030 2075 38
1047 2014 1092 2092 gr.
1109 2012 1142 2074 et
1157 1998 1394 2077 Galli'tautum.

307 2113 437 2179 Summa
460 2132 561 2180 avene
584 2115 625 2180 de
648 2115 730 2179 61166
753 2115 794 2180 26
818 2115 894 2179 tine.

307 2216 437 2283 Summa
460 2218 623 2298 pullorum
646 2216 686 2282 de
710 2218 792 2283 61166
815 2216 866 2283 65.

308 2319 438 2386 Summa
452 2337 510 2402 pro
525 2322 659 2388 decimis
681 2323 721 2386 de
738 2322 866 2402 siligiue
884 2320 923 2386 13
940 2321 1008 2387 tine
1023 2326 1057 2389 et
1072 2323 1112 2389 de
1135 2340 1238 2388 avena
1263 2323 1304 2389 13
1320 2323 1395 2388 tine.

308 2424 439 2490 Summa
460 2443 518 2506 pro
541 2424 714 2491 fumalibus
739 2426 758 2489 8
782 2443 827 2507 gr.

308 2529 439 2595 Summa
459 2528 574 2594 messis
596 2527 637 2593 52
661 2527 739 2594 (1166.

308 2630 439 2697 Summa
460 2630 648 2698 falcaciouis
671 2632 738 2698 feni
762 2632 802 2700 26
827 2633 906 2700 dies.

308 2784 424 2850 Villa
447 2785 657 2852 Slawuow.

305 2916 343 2981 In
370 2917 449 2982 villa
482 2917 634 2985 Slawnow
668 2923 745 2984 suut
778 2919 797 2984 8
832 2920 919 2985 lanei
941 2937 1013 2985 cum
1042 2921 1159 3001 medio,
1195 2926 1229 2986 61
1261 2922 1400 3004 quilibet

204 3037 315 3085 eorum
331 3021 427 3088 solvit
442 3021 574 3106 Georgii
589 3024 632 3089 30
646 3040 692 3105 gr.
708 3027 742 3090 et
757 3023 844 3089 Galli
859 3022 902 3088 30
916 3042 979 3105 gr.;
1003 3024 1105 3090 eciam
1128 3023 1265 3106 quilibet
1285 3026 1399 3093 laneus

205 3125 302 3191 solvit
324 3125 411 3192 Galli
433 3128 472 3192 de
495 3128 577 3193 silva
600 3128 619 3191 2
642 3127 727 3194 tinas
750 3146 849 3193 66666
872 3131 905 3193 61
927 3128 948 3192 4
970 3129 1084 3208 pullos.

21 3315 25 3319 1
115 3249 137 3287 a
151 3248 196 3286 66.
309 3230 389 3294 Item
406 3231 544 3312 quilibet
566 3233 678 3298 laneus
694 3233 790 3299 solvit
805 3252 863 3313 pro
879 3231 1013 3298 decimis
1028 3251 1125 3298 uuam
1141 3232 1243 3298 tipam
1259 3234 1399 3318 siliginis

205 3336 239 3396 et
261 3334 433 3399 secundam
458 3354 557 3401 avene
580 3340 614 3401 et
635 3355 692 3418 pro
716 3336 890 3403 fumalibus
912 3339 933 3402 6
956 3353 1079 3418 parvos.

307 3435 389 3501 Item
404 3438 542 3519 quilibet
557 3440 669 3506 laneus
685 3445 815 3507 tenetur
837 3446 958 3507 metere
973 3443 1039 3506 tres
1062 3440 1132 3506 dies
1146 3441 1182 3506 iu
1203 3440 1399 3509 hiemalibus

106 3599 109 3604 .
205 3544 239 3604 et
254 3541 275 3607 3
292 3538 362 3606 dies
385 3540 420 3605 in
443 3542 649 3626 estivalibus;
676 3550 710 3610 et
725 3545 863 3627 quilibet
885 3549 1013 3610 tenetur
1034 3544 1143 3610 feuum
1165 3560 1297 3612 6666666
1319 3547 1399 3613 duos

205 3643 285 3727 dies,
310 3647 366 3710 sed
388 3645 505 3728 hospes
528 3648 626 3714 debet
647 3650 687 3714 (16
710 3649 888 3715 siccatione
911 3649 1089 3731 providere.

308 3749 440 3816 Summa
463 3767 577 3817 census
600 3770 624 3819 6.
649 3750 783 3836 Georgii
803 3755 825 3819 4
848 3769 953 3834 sexag.
980 3752 1021 3819 15
1043 3771 1100 3834 gr,
1124 3752 1212 3818 Gelli
1232 3752 1255 3818 4
1277 3772 1398 3839 sesag,

208 3851 248 3916 15
271 3872 316 3936 gr.

307 3957 439 4024 Summa
463 3977 587 4026 annone
611 3962 650 4028 de
674 3962 756 4029 61166
779 3963 819 4028 18
842 3963 920 4028 tine.

306 4061 436 4128 Summa
459 4064 498 4128 de
523 4066 605 4132 61166
627 4067 669 4132 34
690 4067 782 4148 pulli.

305 4162 437 4231 Summa
459 4168 498 4233 (16
520 4168 653 4236 decimis
675 4171 715 4237 de
738 4168 866 4251 siligine
889 4170 909 4233 8
932 4186 1005 4235 cum
1030 4167 1067 4255 ¹b
1092 4171 1169 4249 tina.

307 4268 438 4335 Summa
460 4289 518 4352 pro
541 4270 714 4339 fumalibus
735 4272 758 4338 4
782 4289 828 4354 gr.
852 4275 885 4338 et
907 4272 927 4337 3
950 4272 1050 4353 66661.

309 4370 441 4437 Summa
463 4372 577 4439 messis
601 4374 642 4440 51
664 4375 744 4441 dies.

309 4470 440 4538 Summa
461 4474 648 4543 falcaciouis
668 4475 734 4542 feni
759 4478 797 4542 17
821 4476 900 4542 dies.
