2894 4890
1133 226 1196 293 283

107 436 384 518 Privilegium
407 436 707 502 testimoniale
730 453 857 516 super
879 453 1042 499 censum
1064 437 1106 499 in
1124 437 1195 500 Bu·

69 558 136 615 vna.

103 644 169 710 Nos
202 646 330 711 Raczlro
361 647 478 727 jndex,
511 646 676 711 lohannes
711 645 819 711 dictus
853 644 1012 724 Parciffal,
1048 643 1195 723 Hostass,

69 769 99 831 x,
129 748 289 831 Diuisius,
331 749 395 816 Ula
429 750 570 831 sellator,
603 749 732 817 Otlinus
762 755 916 827 murator,
946 747 1108 828 Jaklinus,
1140 749 1196 812 Jo-

69 872 123 920 nes
154 852 263 919 dictus
285 851 422 934 Lichvva,
456 852 574 921 Pessco
596 852 746 937 Pinguis,
781 853 879 918 Giera
911 852 1010 929 taber,
1044 852 1195 931 Jacobus,

69 976 105 1040 a,
131 956 237 1041 jurati
259 957 348 1023 Nove
372 961 405 1022 et
427 957 529 1024 Parve
550 956 692 1024 civitatis
716 957 897 1039 Pragensis,
928 962 1038 1022 notum
1061 956 1196 1022 facimus

69 1060 175 1144 versis,
199 1062 286 1143 quod
308 1060 440 1128 veniens
463 1064 505 1128 ad
528 1081 587 1128 nos
610 1063 769 1128 discretus
784 1061 834 1126 vir
849 1059 1085 1141 Wenczeslaus,
1109 1059 1195 1125 filius

69 1167 150 1233 tonis
172 1165 214 1231 de
236 1163 384 1249 Welwar,
418 1165 534 1249 petivit
557 1186 615 1233 nos
646 1167 815 1246 instanter,
849 1165 993 1230 litteram
1016 1170 1196 1246 presentem

80 1268 272 1336 testimonio
295 1269 441 1353 sigillari,
466 1271 558 1336 cuius
582 1275 675 1336 tenor
696 1271 772 1336 talis
789 1275 855 1335 cst:
880 1269 1196 1352 EgoWenczeslaus,

69 1371 259 1441 sAlssonis
293 1374 332 1439 de
355 1372 502 1456 Welwar,
534 1381 647 1441 notum
679 1374 762 1440 facio
796 1375 955 1440 universis
992 1375 1118 1441 litteras
1140 1393 1198 1455 per

69 1481 190 1560 rentes,
225 1478 312 1560 quod
344 1481 471 1562 suscepi
504 1481 586 1546 duos
621 1481 731 1545 laneos
765 1499 838 1545 cum
870 1479 1004 1544 dimidio
1038 1498 1197 1561 agrorum,

69 1581 182 1649 nubet
204 1581 334 1649 laneum
356 1584 399 1649 60
421 1583 600 1650 strichones
630 1585 857 1662 continentem,
887 1582 921 1647 in
944 1582 1028 1648 willa
1049 1583 1199 1665 Buczyna

69 1706 93 1768 s,
129 1703 212 1770 quos
241 1684 361 1752 locavit
391 1687 489 1753 michi
519 1689 668 1754 dominus
691 1688 805 1752 Petrus
828 1684 927 1750 abbas
958 1691 991 1749 et
1024 1693 1199 1750 conventus

69 1788 196 1857 rasum
217 1787 463 1857 strahowiensis
479 1795 513 1856 et
526 1791 766 1858 successoribus
788 1789 870 1854 meis
889 1791 1056 1869 tenendos,
1079 1790 1198 1853 haben-

69 1950 70 1965 ,
94 1892 302 1960 utifruendos
318 1897 352 1958 et
365 1899 520 1976 perpetue
542 1895 754 1976 possidendos
770 1894 830 1960 sub
845 1892 1086 1959 condicionibus
1102 1892 1199 1958 infra-

69 1997 146 2081 ptis,
168 1997 218 2062 ita
240 1997 393 2063 videlicet
416 1999 500 2080 quod
523 1999 659 2082 singulis
683 1999 777 2064 annis
797 1996 923 2063 solvant
943 1997 1070 2065 domino
1090 1998 1200 2063 abbati

69 2100 259 2169 nonasterio
282 2098 513 2168 Strahowiensi
534 2121 593 2184 ego
624 2102 789 2184 predictus
811 2102 1027 2169 Venczeslaus
1050 2108 1107 2168 aut
1129 2122 1199 2168 suc-

69 2226 152 2273 tores
174 2205 239 2272 mei
261 2224 358 2272 unam
387 2225 527 2273 marcam
550 2226 623 2272 cum
653 2208 789 2272 dimidia
818 2227 958 2291 gravem,
994 2208 1037 2272 60
1060 2213 1200 2290 quatuor

79 2331 142 2395 pro
173 2329 282 2376 marca
311 2313 537 2395 computando,
573 2312 738 2377 annuatim
767 2313 802 2378 in
832 2312 886 2377 die
908 2311 976 2377 Soti
997 2312 1120 2378 Jacobi.
1167 2310 1201 2374 Si

69 2433 114 2480 am
145 2415 181 2480 in
213 2415 300 2480 dicto
330 2417 468 2482 termino
498 2434 557 2498 ego
581 2415 809 2482 Wenczeslaus
832 2422 889 2482 aut
913 2434 1114 2482 successores
1135 2415 1201 2479 mei

69 2538 130 2585 um
154 2538 287 2586 censum
310 2520 433 2586 solvere
456 2519 701 2601 tardaverimus,
726 2527 842 2587 extunc
861 2522 979 2602 elapsis
999 2525 1070 2585 octo
1087 2520 1201 2586 diebus

69 2642 171 2690 remus
193 2624 323 2690 domino
346 2623 457 2689 abbati
480 2630 514 2689 et
535 2626 732 2691 monasterio
755 2624 985 2691 strahowiensi
1010 2624 1050 2689 15
1071 2644 1118 2708 gr.
1145 2641 1201 2689 no-

69 2742 100 2793 e·
127 2746 227 2809 pene;
262 2727 291 2794 si
323 2732 431 2793 autem
462 2726 547 2793 inira
580 2729 662 2794 alios
693 2729 806 2795 8dies
840 2729 1035 2811 neglexerim
1067 2731 1219 2808 solvere,

69 2851 127 2898 mc
158 2831 239 2898 alios
264 2831 304 2897 15
327 2850 373 2914 gr.
398 2832 519 2897 solvam
542 2851 600 2915 pro
630 2851 714 2914 pena
742 2833 794 2897 vel
825 2852 1029 2901 successores
1058 2834 1139 2913 mei;
1173 2832 1203 2896 si

69 2955 130 3017 em,
154 2935 241 3018 quod
264 2933 358 3017 absit,
382 2934 467 3003 infra
489 2937 570 3002 alios
586 2937 605 3001 8
623 2936 692 3002 dies
714 2937 880 3019 negligens
904 2937 1004 3018 fuero,
1029 2943 1146 3002 extunc
1167 2935 1202 2999 in

69 3039 166 3106 vendo
187 3039 320 3123 perdam
347 3041 402 3122 jus
424 3059 530 3107 meum
553 3059 625 3105 cum
648 3041 742 3106 dictis
771 3039 865 3105 bonis
893 3041 1025 3122 ipseque
1054 3041 1202 3107 dominus

69 3164 112 3210 ras
140 3143 274 3210 habebit
295 3148 490 3226 potestatem
513 3145 751 3210 intromittendi
784 3164 818 3209 se
852 3145 892 3208 de
927 3142 1074 3210 omnibus
1107 3144 1201 3209 bonis

69 3247 170 3314 dictis
203 3254 237 3313 et
270 3264 309 3313 ea
337 3248 457 3330 poterit
487 3251 529 3314 ad
559 3250 612 3331 jus
636 3254 669 3314 et
690 3249 920 3332 proprietatem
942 3248 1129 3315 monasterii
1153 3247 1204 3312 sui

69 3353 152 3418 dicti
174 3352 346 3435 applicare,
378 3358 411 3418 et
432 3353 662 3419 nichilominus
686 3373 744 3437 pro
769 3373 866 3421 censu
889 3357 923 3418 et
945 3353 1036 3437 penis
1059 3354 1203 3435 inpigne-

69 3472 84 3520 e
118 3455 252 3521 habebit
273 3459 468 3538 potestatem
491 3476 541 3522 me
565 3461 599 3522 et
620 3477 822 3526 successores
851 3479 941 3525 meos
964 3463 997 3523 et
1018 3458 1203 3540 requirendi

69 3580 92 3641 e,
128 3578 192 3643 quo
215 3561 335 3641 poterit
356 3561 491 3627 meliori.
529 3560 664 3644 Insuper
687 3582 746 3647 ego
769 3566 876 3631 dictus
898 3563 1123 3629 Wenczeslaus
1147 3566 1204 3626 aut

69 3682 216 3731 cessores
246 3665 312 3731 mei
341 3650 414 3737 cuni
447 3683 512 3729 una
534 3663 694 3752 bal[l]ista
715 3669 860 3749 predicto
884 3668 1013 3734 domino
1037 3666 1147 3732 abbati
1171 3670 1204 3729 et

69 3767 209 3834 nasterio
232 3767 463 3835 Strahowiensi
486 3771 605 3836 servire
636 3771 788 3837 debemus
811 3776 844 3837 et
866 3777 1021 3854 tenemur,
1051 3771 1203 3853 quociens

69 3891 96 3938 rs
118 3872 218 3938 fuerit
240 3879 297 3939 aut
319 3874 359 3939 ab
381 3876 453 3956 ipso
476 3876 686 3957 requiremur.
709 3872 753 3939 Et
775 3876 803 3940 si
826 3876 997 3942 servicium
1019 3895 1124 3940 meum
1147 3877 1205 3938 aut

69 3994 237 4066 cessorum
274 3996 418 4044 meorum
452 3979 598 4061 predicto
633 3979 761 4045 domino
796 3980 905 4045 abbati
938 4001 1002 4047 non
1035 3979 1203 4062 placuerit,

69 4100 133 4147 unc
155 4083 197 4147 de
218 4082 284 4149 illis
307 4082 432 4149 duobus
454 4083 557 4149 laneis
581 4089 613 4148 et
636 4082 769 4149 dimidio
793 4085 873 4150 duas
902 4103 1026 4150 marcas
1055 4103 1127 4149 cum
1158 4082 1205 4146 di-

69 4186 116 4252 lia
138 4205 252 4271 graves
275 4206 333 4271 pro
356 4207 455 4254 censu
477 4188 621 4270 predicto
645 4189 773 4253 domino
808 4188 918 4254 abbati
949 4195 982 4253 et
1009 4187 1203 4253 monasterio

69 4291 246 4358 ahouiensi
279 4294 444 4359 annuatim
478 4293 512 4358 in
543 4292 625 4358 festo
657 4291 840 4378 supradicto
871 4292 995 4359 solvere
1024 4290 1205 4358 tenebimur

69 4415 105 4461 va
135 4395 236 4461 berna
258 4397 387 4462 domino
410 4395 488 4477 regi.
534 4396 572 4461 In
606 4396 695 4461 cuius
729 4396 777 4462 rei
810 4391 1029 4463 testimonium
1063 4395 1204 4477 sigillum

69 4505 162 4566 rtrum
185 4500 226 4566 ad
247 4500 439 4567 instanciam
472 4499 575 4582 ipsius
596 4498 796 4565 Wenczeslai
828 4498 972 4582 presenti
1006 4498 1114 4564 littere
1147 4497 1206 4580 per
