2910 4896
179 184 223 252 -78

179 395 220 460 de
242 394 322 478 loro,
346 395 433 478 quod
451 394 566 461 habuit
586 412 658 459 cum
676 393 820 477 Nicolao,
842 398 970 463 noterio
988 397 1188 479 monasterii,
1212 401 1247 463 et
1263 398 1351 465 omnia

179 519 241 583 que
264 500 363 580 dedit,
387 499 538 566 videlicet
559 504 624 566 tres
642 518 747 581 serug.
768 517 815 580 gr.
839 504 872 567 et
894 501 969 580 alia,
992 521 1055 583 que
1077 502 1242 587 ed[d]uxit
1262 521 1351 571 seeum

180 603 362 671 1111111111
385 603 580 685 Okrubel,
604 604 830 672 condescendit
851 605 984 671 Nicolao
1005 609 1038 670 et
1056 605 1139 673 dixit
1156 608 1352 692 peramplius

179 728 342 792 nunquam
358 708 417 774 sub
432 727 490 775 sue
505 707 581 773 fidei
597 713 630 773 11
644 708 776 774 honoris
794 707 941 790 inpetere
956 727 1015 791 per
1029 728 1065 775 se
1079 729 1140 777 nec
1153 730 1213 794 per
1231 713 1352 795 aliquem

181 814 278 879 eliam
299 814 525 895 interpositam
546 831 726 896 personam.
760 812 841 879 heta
864 818 940 880 sunt
960 814 996 879 in
1019 814 1072 881 die
1094 813 1145 883 Sti
1166 815 1280 883 Jacobi
1293 813 1320 899 ¹).

104 963 110 976 ·
149 946 168 975 ι
282 919 373 985 Anno
390 917 515 985 domini
525 917 694 984 millesimo
711 917 1026 1000 quadringentesimo
1042 922 1133 985 sexto
1149 919 1233 986 11111
1240 920 1278 986 V.
1288 924 1350 987 ante

181 1023 299 1089 festum
315 1022 363 1089 Sti
379 1020 466 1089 (11111
481 1021 539 1106 [14
554 1019 638 1108 011]
654 1040 762 1088 eoram
783 1023 876 1089 nobis
891 1022 1067 1089 Adalberto
1090 1023 1220 1105 abbate,
1244 1023 1353 1091 domino

181 1126 338 1208 Johanne,
368 1125 531 1208 preposito
554 1129 691 1206 protunc
712 1126 909 1208 monasterii,
939 1126 1146 1194 honorabiles
1169 1128 1233 1194 viri
1254 1127 1354 1195 consti

182 1232 247 1296 tuti
270 1228 391 1295 Cunieo
421 1233 455 1294 11
476 1227 581 1295 Janlro
610 1228 727 1296 fratres
757 1233 902 1313 germani
924 1231 964 1297 de
988 1230 1131 1297 Onehlas
1160 1232 1356 1297 vendidemnt

183 1335 306 1400 curiam
336 1352 409 1399 cum
438 1333 618 1399 hereditate
648 1333 682 1399 in
711 1335 788 1399 villa
812 1335 997 1402 Okruhel
1026 1354 1083 1417 pro
1114 1336 1156 1401 14
1185 1355 1291 1418 serug.
1320 1353 1355 1419 gr.

183 1438 306 1505 famoso
328 1437 405 1523 iviro
428 1439 523 1503 Petro
548 1438 636 1504 dicto
658 1438 812 1520 Lanhast,
848 1441 911 1506 civi
934 1442 974 1506 de
996 1440 1110 1521 Praga,
1139 1440 1175 1504 in
1205 1440 1357 1507 servicium

184 1542 311 1624 servile,
342 1543 427 1624 quod
449 1543 611 1625 wlgariter
632 1561 781 1625 naprawa
803 1545 932 1626 dieitur,
961 1545 1009 1610 ita
1037 1549 1156 1623 tamen,
1187 1546 1273 1626 quod
1300 1562 1358 1627 pre

184 1647 290 1713 dicim
311 1647 427 1713 Petrus
456 1650 585 1714 tenetur
616 1647 736 1713 servire
765 1651 863 1729 prout
884 1648 941 1713 alii
971 1648 1144 1714 servitores
1175 1649 1358 1730 pertinentes

184 1757 218 1817 11
240 1756 422 1834 spectantes
444 1751 639 1818 monasterio
662 1752 972 1835 supranominatob.

287 1855 379 1921 Anno
403 1856 609 1937 dominique
633 1874 742 1938 supra.
788 1856 906 1923 Coram
936 1857 1029 1923 nobis
1051 1858 1230 1925 Adalberto
1259 1859 1361 1925 abbate

185 1966 218 2026 et
239 1960 387 2026 Johanne
408 1961 572 2043 preposito
595 1980 739 2042 pronune
761 1963 950 2027 monasterii
972 1964 1188 2030 existentibus
1207 1959 1363 2030 constituti

185 2063 288 2148 [sunt]
313 2065 527 2148 personaliter
557 2067 732 2146 prudentes
754 2067 816 2131 viri
836 2067 952 2133 Petrus
982 2067 1088 2133 dictus
1110 2069 1267 2150 Lunhest,
1297 2065 1364 2133 civis

184 2168 317 2233 Maioris
340 2168 481 2234 civitatis
504 2169 685 2251 Pragensis,
717 2176 750 2236 et
772 2170 864 2236 Anna
886 2171 1001 2237 relicta
1022 2171 1150 2238 Nicolai
1180 2173 1260 2239 dieti
1283 2169 1366 2237 Ozin-

185 2271 306 2355 gisserz
329 2275 362 2337 et
375 2272 451 2352 Leo,
474 2270 560 2338 filius
579 2274 693 2356 ipsius,
718 2275 757 2340 de
771 2275 885 2356 Praga,
910 2278 956 2357 [et
966 2276 1081 2341 Petrus
1100 2276 1279 2359 predictus]
1302 2294 1368 2341 ven·

187 2376 270 2443 didit
292 2377 414 2443 curiam
437 2395 509 2441 cum
530 2377 710 2442 hereditate
732 2379 767 2443 in
790 2378 976 2445 Okruhel
1006 2398 1078 2445 cum
1109 2381 1258 2448 omnibus
1281 2380 1370 2464 perti·

186 2481 320 2562 nenciis,
344 2481 499 2564 quidquid
518 2481 560 2545 ad
582 2482 700 2549 dictam
720 2482 840 2548 curiam
861 2488 987 2565 spectat
1003 2488 1037 2548 et
1055 2485 1205 2566 pertinet,
1227 2484 1373 2552 videlicet

186 2585 384 2669 peccoribus,
399 2587 595 2667 peccudibus
615 2591 649 2651 et
670 2587 743 2652 aliis
762 2587 960 2668 quibuslibet
974 2587 1130 2670 jamentis
1150 2593 1184 2653 et
1203 2588 1374 2657 seminibus

188 2691 355 2757 seminatis
381 2689 525 2772 predicte
552 2692 643 2756 Anne
667 2695 700 2756 11
720 2690 823 2774 ipsius
849 2691 1022 2758 heredibus
1044 2697 1078 2757 et
1100 2692 1324 2760 succesoribus
1343 2692 1375 2757 in

185 2799 239 2880 jus
263 2795 388 2872 servile,
419 2796 504 2875 quod
534 2796 696 2879 vulgariter
718 2815 867 2877 napravva
889 2796 1017 2877 dicitur,
1047 2816 1105 2880 pro
1129 2797 1171 2860 34
1194 2816 1303 2879 sesag.
1333 2814 1375 2879 gr.

188 2900 248 2967 tali
270 2900 466 2981 condicione,
498 2901 585 2980 quod
605 2900 677 2981 ipsa
699 2905 733 2967 et
754 2899 815 2982 ipsi
848 2918 1050 2967 successores
1079 2904 1232 2966 tenentur
1261 2900 1375 2967 servire

187 3010 285 3088 prout
307 3005 407 3071 ceteri
430 3004 1018 3087 11111111111111111111111111111111
1041 3005 1255 3089 presentibus.
1301 3004 1375 3069 Aeta

189 3113 264 3175 suut
292 3108 351 3176 hec
382 3129 464 3175 enno
495 3108 617 3175 domini
639 3106 890 3175 M⁰cooovv11⁰
917 3108 999 3175 feria
1021 3108 1058 3175 V.
1083 3100 1157 3175 ante
1188 3107 1310 3176 festum
1332 3108 1375 3175 Sti

188 3213 256 3278 Viti
280 3214 312 3293 [9
334 3211 424 3295 Jun]
447 3213 650 3296 presentibus
672 3212 802 3295 Jacobo,
835 3213 971 3295 plebano
1000 3214 1134 3280 ecclesie
1157 3215 1197 3279 de
1219 3215 1326 3298 Knyn,
1349 3217 1375 3280 et

190 3317 264 3382 eliis
286 3318 432 3398 pluribus
455 3318 601 3399 personis
624 3315 687 3383 fide
710 3318 815 3400 dignis
837 3318 880 3383 ad
901 3318 963 3382 hoe
985 3315 1214 3398 constitutis2).

96 3477 119 3518 p,
131 3474 180 3519 res.
292 3439 386 3505 Nota.
403 3438 494 3505 Anno
507 3440 629 3506 domiui
639 3436 891 3505 M⁰cccc⁰vfl⁰
906 3458 1013 3505 eoram
1025 3440 1199 3519 Metisslao,
1218 3438 1375 3521 prepositi

190 3548 327 3627 protunc
348 3544 546 3625 monasterii,
569 3545 589 3610 J
592 3546 717 3610 ohanne
736 3544 907 3610 Scomroch
923 3549 1131 3626 procuratore
1151 3541 1203 3607 die
1222 3541 1375 3608 dominic<

191 3653 266 3714 ante
288 3646 404 3714 Natale
427 3646 548 3714 Christi
572 3649 625 3729 [18
647 3648 741 3729 Ι)11.]
763 3647 980 3729 Margaretha,
1004 3648 1118 3713 1111111
1146 3647 1200 3728 pie
1230 3645 1375 3712 memorie

191 3753 388 3818 Domanonis
411 3754 450 3818 de
473 3754 594 3833 Krnan,
617 3752 796 3834 acceptavit
818 3771 935 3834 pueros
964 3756 1031 3818 tres
1063 3751 1223 3832 orphanos
1253 3750 1375 3816 relictos

191 3858 294 3939 ipsius
306 3857 432 3921 Doman
448 3875 519 3922 cum
537 3859 577 3923 10
592 3873 699 3938 sesag.
714 3861 748 3922 et
764 3858 804 3922 12
820 3876 865 3939 gr.
883 3856 931 3941 [et
945 3856 1105 3939 promisit]
1121 3855 1209 3937 ipsos
1225 3855 1375 3936 orphanos

193 3980 321 4026 servare
336 3965 370 4026 et
386 3961 536 4042 enutrire,
560 3979 728 4044 quousque
750 3963 791 4026 ad
809 3979 910 4027 annos
930 3959 1139 4028 discrecionis
1158 3959 1375 4040 [pervenerint

195 4069 228 4128 et
250 4067 290 4147 si]
314 4084 378 4129 uon
400 4065 604 4146 pervenerint
626 4070 660 4131 et
681 4065 800 4149 aliquis
821 4066 965 4146 ipsorum
987 4065 1049 4129 iter
1070 4063 1104 4127 in
1134 4062 1284 4129 humanis
1306 4063 1375 4128 arri·

193 4169 311 4250 puerit,
333 4171 451 4233 extunc
472 4187 569 4250 super
591 4168 690 4233 alium
718 4167 838 4233 debent
865 4167 991 4233 devolvi
1020 4185 1124 4248 usque
1154 4169 1196 4233 ad
1223 4167 1375 4233 ultimum

195 4328 290 4335 -—
300 4330 335 4334 ---
341 4327 400 4335 ...n-

250 4393 271 4458 ι)
298 4392 391 4445 Η111
409 4392 583 4459 obligatio
602 4390 729 4444 existit
747 4390 953 4443 cancellata.

249 4476 270 4546 ²)
299 4478 539 4532 Cancellatum
559 4489 715 4545 prorsus.
