2894 4890
1232 132 1254 197 9

57 358 113 409 aon
140 337 282 409 modica
312 339 491 423 imminere,
521 339 644 410 habitis
676 339 844 425 colloquiis
877 340 1146 426 hequentisshais
1179 360 1252 411 caru

58 445 166 513 adem
198 446 288 515 duce
320 444 442 515 Ottone
470 451 692 531 partaverunt,
723 452 760 513 ut
788 448 926 529 receptis
954 445 1096 529 quinquo
1127 446 1259 513 milibus

40 546 240 617 'auarum
273 551 401 634 argenti
434 553 477 617 ab
508 552 630 619 eisdem
669 552 855 619 resdtueret
891 552 1070 632 predictum
1107 550 1257 619 heredem

57 651 189 721 deame
212 652 453 738 wenceslaum,
483 656 539 738 qui
559 657 713 739 pecumes
737 655 900 738 predictae
922 655 1027 721 eidem
1056 656 1259 737 assignantes

58 759 222 827 dominum
238 758 467 827 Weneesiaum
488 761 668 844 predictum
688 761 729 827 ad
749 778 883 841 regnum
902 758 1033 825 Boernie
1053 761 1257 826 reduxerunt.

58 862 96 928 at
113 882 191 929 cum
211 863 291 929 ville
309 863 429 946 prelati
446 865 537 945 regni
559 863 711 931 nonnulle
733 868 865 946 propter
886 863 1047 929 disturbia
1066 880 1258 945 gwerrarum

59 968 280 1048 predictarum
301 966 634 1048 dissertacones,
658 968 742 1034 inter
764 986 845 1049 quas
867 968 970 1035 eciam
993 968 1069 1033 vilia
1090 968 1257 1050 Dayaw,

59 1072 140 1137 inter
163 1070 237 1139 Vsk
267 1077 303 1139 et
332 1071 556 1139 Luthomericz
578 1090 679 1155 penes
703 1072 810 1137 viliora
832 1071 974 1155 Brnycza
1003 1073 1076 1153 sita,
1108 1090 1180 1137 curu
1203 1071 1258 1137 de·

10 1194 12 1201 ·
60 1176 161 1241 mats
184 1175 380 1257 emollisset,
415 1194 487 1243 eam
509 1194 581 1243 eum
606 1176 696 1243 siliis
719 1181 753 1241 et
775 1176 844 1241 suis
867 1175 1076 1259 pertinenciis
1098 1175 1258 1242 universis

19 1270 25 1279 ’
59 1279 261 1362 temporibus
283 1280 452 1345 reverendi
473 1280 584 1362 patris,
607 1280 729 1345 donnini
752 1279 886 1361 Thebis,
918 1286 993 1347 tune
1016 1280 1160 1363 episcopi
1181 1279 1258 1345 Pra-

58 1384 176 1466 geras,
207 1382 378 1451 iohannes
399 1383 440 1449 de
463 1383 598 1451 Sabusin
622 1402 694 1449 curu
717 1383 791 1450 filiis
822 1384 890 1451 suis
921 1391 1123 1467 occupantes,
1154 1385 1257 1465 ipsam

58 1492 305 1569 presumsperst
326 1493 447 1553 umere
465 1489 534 1555 suis
554 1488 666 1555 usibus
684 1488 856 1569 applicare.
901 1488 1042 1555 Tandem
1065 1489 1258 1555 venerabilis

57 1593 90 1657 in
118 1588 255 1661 Christo
284 1597 378 1674 pater
410 1597 445 1657 et
472 1592 631 1673 daminus,
665 1593 814 1659 dominus
843 1592 1008 1659 ,lohannes
1035 1594 1128 1674 lull,
1162 1592 1254 1674 Paag·
1269 1623 1360 1676 mers.

57 1696 233 1777 episeopus
255 1693 414 1778 XXVIIM,
447 1701 619 1778 postquam
642 1715 700 1778 per
720 1697 774 1763 dei
797 1697 937 1779 graciam
961 1697 1002 1763 ad
1025 1698 1150 1763 eulmen
1172 1697 1257 1778 epis-

58 1799 182 1881 copalis
203 1797 376 1881 dignitatis
393 1799 510 1867 luisset
525 1802 679 1884 elevatus,
699 1802 758 1867 suh
777 1800 867 1869 fehci
884 1820 942 1867 suc
962 1801 1116 1883 regimine
1138 1801 1257 1865 dietam

56 1902 169 1971 vilium
189 1903 315 1986 Dayow
328 1922 410 1975 ¹cum
429 1904 519 1971 silvis
541 1911 575 1968 et
598 1904 671 1971 aliis
695 1905 843 1971 erunibus
873 1907 940 1973 suis
962 1905 1171 1987 pertinenciis
1200 1922 1257 1986 per

57 2027 112 2075 sue
135 2007 300 2075 industrie
320 2009 560 2091 providenciam
584 2009 787 2093 acquirendo,
823 2029 894 2075 earn
915 2011 1022 2077 denuo
1045 2029 1103 2077 suo
1134 2009 1257 2090 episeo-

55 2112 150 2194 patui
182 2110 342 2192 Prpgenn
359 2112 576 2194 integraliter
608 2112 805 2195 reformavit,
840 2118 937 2196 prout
970 2115 1003 2179 in
1035 2114 1258 2181 instrumentis

54 2216 132 2282 inde
168 2214 326 2282 confectis
348 2216 475 2299 plenius
499 2218 689 2283 continetur.
736 2218 805 2295 Que
828 2218 905 2284 villa
927 2218 1047 2301 Dayow
1069 2239 1109 2285 en
1131 2236 1257 2300 permu-

54 2321 188 2385 tacione
211 2321 412 2402 quorundam
433 2320 590 2388 bonorum
613 2323 653 2386 ad
675 2322 879 2389 honorabiles
909 2327 943 2387 et
971 2322 1141 2404 religiosos
1170 2322 1256 2387 vires

53 2421 177 2491 hatra
198 2424 400 2506 prepositum
421 2431 455 2491 et
475 2432 667 2492 conventum
688 2427 912 2493 canonicorum
930 2426 1127 2511 regularium
1145 2443 1255 2490 mona·

54 2529 150 2594 sterii
175 2524 208 2592 S.
233 2527 336 2594 Maria
358 2529 392 2594 in
414 2529 558 2595 Rudnicz
581 2535 614 2595 et
637 2530 677 2595 ad
707 2531 792 2596 idem
821 2531 1051 2597 monasterium
1082 2529 1255 2596 eorundem

52 2633 207 2701 noscitur
229 2632 334 2715 tytulo
356 2651 430 2701 vene
453 2635 702 2715 permutacionia
725 2634 920 2703 hereditarie
942 2635 1136 2718 peruenisse.

163 2839 298 2927 Ernpoe'e
320 2838 470 2907 boam
491 2842 528 2906 ia
549 2840 672 2907 Doleas
685 2840 785 2927 facia
805 2865 827 2907 a
849 2842 944 2909 Petro
965 2843 1005 2909 ds
1033 2840 1187 2909 Weleaa’cz.

163 2978 261 3046 Anno
275 2979 398 3047 domini
408 2977 711 3048 ΜὊΟΟἭΧΧΙΧ0
730 2984 764 3048 in
779 2983 832 3049 dle
847 2982 1044 3048 invencionis
1057 2980 1087 3050 S.
1101 2981 1255 3065 Stephani

54 3083 324 3167 prothomartiris
345 3083 504 3152 discretus
526 3087 576 3151 vir
590 3085 715 3170 Petrus,
738 3087 823 3153 filius
843 3089 1004 3169 quendem
1018 3087 1256 3154 Dobrhostonis
1348 3096 1351 3101 ·

55 3191 95 3255 de
118 3186 301 3272 Blahoticz,
328 3190 369 3255 de
392 3208 543 3272 expresso
565 3210 725 3259 consensu
747 3197 781 3257 et
802 3192 967 3258 voluntate
989 3192 1117 3259 domine
1139 3191 1255 3274 Arene,

55 3295 170 3361 uxoris
201 3312 270 3375 suc,
301 3293 515 3361 hereditatem
544 3314 646 3378 suam,
677 3314 773 3379 quem
801 3296 917 3363 hebuit
944 3298 978 3364 in
1004 3297 1069 3363 vila
1091 3297 1255 3379 Dolina,

56 3397 99 3463 de
121 3414 191 3480 qua
213 3403 289 3463 sunt
309 3399 332 3463 4
353 3403 448 3480 terre,
471 3418 545 3465 eum
567 3401 654 3484 agris
682 3401 778 3467 cultis
808 3406 842 3467 et
862 3400 994 3469 incultis
1015 3407 1050 3468 et
1071 3403 1258 3484 specialiter

57 3520 131 3567 cum
155 3503 317 3582 puteosa
338 3516 412 3566 eam
433 3502 529 3568 domo
547 3509 677 3569 aratura
696 3522 753 3569 sue
771 3502 890 3570 ibidem
914 3510 947 3570 et
969 3507 1148 3572 cumomni
1169 3508 1258 3574 utili·

57 3610 136 3686 tate,
161 3622 227 3686 que
248 3609 301 3669 est
321 3603 355 3670 in
373 3609 462 3670 terre
479 3611 513 3671 et
531 3624 627 3689 super
645 3611 774 3690 ternam,
798 3613 832 3673 et
854 3608 999 3691 qualibet
1016 3610 1167 3676 libertate
1184 3612 1256 3680 aius

59 3706 208 3776 vendidit
240 3709 422 3802 honorabili
456 3729 505 3776 aa·
523 3711 674 3794 religioso
705 3714 774 3779 viro
803 3712 896 3780 fratri
926 3714 1001 3780 Vito
1031 3715 1194 3796 preposito
1222 3720 1258 3781 et

59 3813 237 3880 conventui
258 3813 484 3880 canonicorum
506 3815 703 3898 caerularium
725 3817 914 3884 monasterii
936 3817 967 3884 S.
990 3818 1092 3884 Maria
1113 3819 1148 3884 in
1169 3819 1257 3887 Rud-

59 3918 127 3984 aiaz
158 3936 220 4000 pro
251 3932 286 3983 se
316 3921 350 3983 et
378 3936 437 3984 sue
466 3921 670 3986 monasterio·
686 3921 917 4003 recipientibus
942 3937 999 4004 pro
1021 3923 1066 3989 45
1087 3926 1256 4006 senagmis

60 4035 247 4103 grossorum
269 4023 474 4090 denariorum
502 4042 602 4107 prag,
626 4043 762 4107 quanam
791 4027 936 4107 quelibet
965 4027 1128 4095 hereditas
1159 4029 1358 4100 soluta-soa

61 4144 156 4193 naam
179 4144 323 4193 marcam
334 4125 359 4209 ¹)
382 4146 512 4211 grauem
535 4131 718 4198 censualem
737 4131 922 4215 annuatim,
939 4133 982 4199 20
999 4133 1130 4215 capacia
1151 4132 1254 4215 metit,

122 4336 145 4404 ¹)
163 4336 202 4391 in
219 4334 575 4406 margine-superiori
594 4342 648 4392 est
665 4334 836 4392 additum:
860 4339 973 4395 Summa
989 4352 1088 4397 cenans
1106 4339 1256 4397 denarialis

100 4482 103 4487 ,
165 4423 304 4480 benorum
320 4428 476 4495 emp-terum
493 4438 510 4478 a
526 4424 648 4480 Paseone
669 4423 698 4480 in
715 4424 817 4481 Deliae
834 4432 899 4482 sunt
915 4433 933 4482 4
950 4440 1049 4485 marce.
