2894 4890
175 186 239 303 ruo

273 447 553 531 Priuilegium
584 469 714 533 super
742 450 1008 534 emphiteosi
1037 440 1233 533 predicte
1260 450 1355 517 ville

173 552 371 632 sequitur
392 553 435 619 in
455 553 531 621 hec
553 555 699 620 verba:
1338 604 1350 655 ι

272 657 469 724 innomine
499 657 629 724 domini.
668 659 780 725 Arnen.
820 658 978 737 Quoniam
1011 660 1168 727 memoria
1202 659 1374 765 hominm„

172 781 242 829 esse
265 761 445 828 dinoscitur
467 762 586 841 labilis,
607 768 641 828 et
656 768 739 845 acta,
764 783 825 846 que
848 769 1005 847 geruntur
1020 764 1106 830 inter
1119 764 1221 847 ipsos,
1244 765 1303 831 rite
1322 779 1351 859 sp

171 865 413 935 racionabiliter
428 867 557 947 oblivio,
582 867 735 933 memorie
750 867 864 947 bostis,
887 867 1040 950 abripiat,
1061 870 1168 935 solent
1181 862 1352 963 testimonio¹

171 971 353 1037 litterarum
376 970 579 1053 perhennari.
625 971 692 1036 Nos
722 970 824 1053 igitur
856 970 967 1036 diuina
1003 972 1248 1057 apostolicoque
1279 962 1354 1065 sedis

172 1077 281 1156 gracia
304 1073 471 1141 Conradus
495 1074 604 1154 abbas,
637 1072 844 1159 Mauri[ci]us
868 1074 966 1157 prior,
989 1074 1104 1141 Petrus
1127 1076 1288 1159 supprior,
1307 1066 1355 1153 Ia·

171 1178 271 1245 cobus
284 1182 416 1257 cantor,
451 1174 578 1257 sumes,
613 1181 719 1242 rector
751 1178 873 1258 capelle
905 1176 973 1245 Scti
995 1177 1356 1281 Erbardi‚„Gimramps

172 1287 282 1348 custos
305 1285 338 1345 et
360 1280 536 1346 celerarius
558 1285 711 1363 totusque
734 1286 911 1348 conventus
934 1284 1123 1359 monasterii
1138 1272 1357 1366 Montisspnu

171 1386 253 1451 alias
268 1384 515 1451 strahowiensis
531 1402 630 1466 prope
642 1384 778 1467 Progam
795 1386 916 1453 ordinis
928 1364 1359 1473 Premonstratensisir'qtdm

171 1507 243 1555 esse
266 1490 413 1555 uolumus
446 1489 617 1570 universis,
651 1489 857 1571 presentibus
880 1494 914 1557 et
935 1491 1074 1572 posteris
1097 1486 1359 1585 tenore[m]jpre·

171 1593 315 1659 sencium
348 1592 570 1677 inspecturi[s]
601 1593 724 1675 pariter
747 1598 780 1657 et
801 1593 970 1675 audituris,
1005 1593 1092 1678 quod
1123 1594 1293 1661 venientes
1324 1580 1361 1661 sd

170 1698 369 1779 presenciam
393 1702 536 1765 nostram
558 1696 704 1763 homines
727 1715 784 1763 seu
813 1696 920 1762 incole
952 1697 993 1762 de
1023 1698 1101 1762 uilla
1134 1700 1249 1763 nostra
1281 1698 1362 1764 dicto

169 1801 406 1884 MagnaLhota
428 1821 536 1868 coram
558 1801 652 1869 nobis
673 1801 866 1880 retulerunt,
890 1802 975 1882 quod
994 1800 1190 1884 dienvilla,
1214 1800 1362 1893 uidelicet

169 1904 288 1989 Magna
309 1906 424 1987 Lbota‚
458 1906 521 1972 fuit
543 1907 704 1987 quondam
727 1924 747 1969 a
768 1903 1051 1985 predecessoribus
1074 1907 1196 1973 nostris
1219 1906 1362 2003 exposita

170 2028 228 2074 seu
250 2011 358 2075 locata
375 2009 450 2090 jure
473 2008 713 2093 emphiotetico,
748 2008 835 2089 quod
856 2006 1019 2091 wlgariter
1050 2008 1229 2089 purkrecht
1263 2011 1363 2077 solent

78 2125 102 2165 1³-
112 2125 158 2167 1³b·
171 2130 367 2193 nuncupare.
413 2111 515 2195 Super
548 2132 611 2195 quo
635 2112 765 2196 quidem
795 2112 869 2195 jure
892 2112 1120 2195 emphiotetico
1144 2118 1177 2179 et
1199 2114 1361 2183 locatione

169 2216 323 2297 predictis
342 2217 483 2283 litteram
507 2216 567 2282 sub
583 2217 699 2298 sigillis
719 2217 848 2283 abbatis
872 2222 905 2281 et
927 2221 1103 2283 conventus
1125 2237 1146 2282 a
1168 2217 1361 2295 monasterio

169 2339 204 2387 se
227 2320 388 2402 recepisse
411 2319 622 2387 affirmabant.
647 2320 716 2399 Que
740 2322 870 2403 quidem
893 2321 1004 2389 littera
1020 2321 1060 2387 ab
1076 2320 1156 2404 ipsis
1179 2316 1361 2391 hominibus

169 2425 203 2490 in
227 2424 358 2491 ciuitate
374 2422 561 2490 Coloniensi
583 2425 625 2490 ad
640 2426 833 2491 seruandum
855 2426 1008 2507 reposita,
1032 2425 1129 2491 sicuti
1151 2443 1210 2508 per
1234 2427 1362 2495 eosdem

169 2529 315 2595 homines
331 2527 578 2613 as[s]erebatur‚
596 2528 630 2593 in
647 2529 759 2593 eodem
779 2531 923 2611 reposito
947 2528 1017 2595 loco
1040 2548 1099 2610 per
1116 2524 1203 2613 ignis
1223 2530 1362 2613 exustio·

168 2650 241 2696 nem
257 2631 320 2697 fuit
336 2637 537 2697 concremata
552 2637 586 2697 et
601 2631 648 2697 sic
660 2631 782 2698 dictum
794 2633 848 2715 jnn
861 2632 1091 2714 empbioticum
1106 2636 1140 2719 et
1154 2632 1281 2703 locucio
1291 2653 1362 2719 pre·

170 2735 258 2802 dicta
273 2740 367 2800 erant
382 2737 429 2802 eis
447 2732 638 2823 c[n]nulata.
662 2734 712 2799 Ea
735 2740 865 2817 propter
888 2735 1026 2818 sepefati
1040 2729 1188 2805 homines
1203 2737 1239 2803 in
1254 2730 1364 2815 nostra

167 2840 335 2921 presencia
359 2839 527 2906 constituti
549 2838 641 2905 uobis
664 2837 831 2904 humiliter
853 2839 1084 2923 supplicarunt,
1108 2830 1269 2931 quatenus
1283 2830 1364 2925 ipsis

168 2943 290 3009 dictum
309 2945 364 3026 jus
387 2942 618 3026 empbioticum
641 2941 865 3009 confirmantes
889 2947 922 3009 et
943 2943 1085 3010 litteram
1108 2944 1192 3026 ipsis
1214 2934 1363 3029 dignare-

169 3066 241 3113 mur
256 3048 420 3115 innovare.
445 3048 511 3115 Nos
533 3049 644 3130 itaque
667 3047 866 3113 utilitatibus
889 3051 922 3113 et
945 3044 1151 3131 com[m]0dis
1174 3046 1278 3113 nost'n'
1296 3044 1363 3115 mo-

167 3153 303 3217 nosterii
325 3140 554 3234 bominumque
577 3154 760 3217 nostrorum
775 3149 993 3233 predictorum
1007 3149 1177 3231 providere
1193 3152 1362 3235 cupientes

167 3255 248 3336 ipsis
271 3261 452 3336 presentem
483 3255 627 3320 litteram
649 3256 849 3333 innovamus,
881 3272 940 3336 pro
970 3254 1061 3319 cuius
1092 3246 1223 3337 quidem
1251 3252 1362 3320 littere

166 3360 379 3425 innovatione
400 3358 494 3425 nobis
518 3362 551 3425 et
572 3362 682 3425 nostro
705 3358 899 3425 monasterio
931 3375 987 3422 sex
1009 3375 1116 3439 serug.
1140 3375 1190 3439 gr.
1209 3376 1360 3443 pragens.

167 3463 325 3529 dederunt
357 3463 494 3544 pecunia
523 3463 557 3528 in
587 3467 709 3544 parata.
755 3463 910 3544 Ipsosque
944 3458 1104 3526 homines
1120 3460 1309 3527 antedictos
1325 3463 1361 3527 in

163 3568 237 3649 jura
267 3566 475 3651 infrascripta
503 3565 706 3649 presentibus
735 3565 913 3631 locavimus
935 3569 969 3628 et
989 3564 1149 3630 locamus:
1180 3562 1290 3630 Primo
1304 3564 1360 3631 'ri-

168 3670 294 3751 delicet,
319 3672 405 3751 quod
426 3672 461 3736 in
484 3672 572 3736 dicta
594 3671 672 3735 uilla
695 3675 770 3736 sunt
783 3672 824 3736 26
840 3669 926 3735 lanei
944 3668 1097 3733 cumillis
1114 3667 1239 3763 duobus
1254 3664 1360 3759 laneis

166 3776 274 3841 minus
297 3793 361 3843 uuo
385 3776 536 3857 quartali,
560 3792 640 3859 quos
663 3774 811 3841 dominus
834 3772 955 3839 Hersso
980 3773 1085 3838 dictus
1105 3768 1199 3854 Epik·
1213 3778 1306 3851 tenet
1328 3778 1361 3838 et

165 3880 320 3961 possidet.
344 3880 432 3959 Quos
454 3880 565 3947 laneos
588 3880 767 3963 peripsum
781 3879 946 3943 dominum
961 3876 1157 3943 Herssonem
1179 3864 1359 3967 possessos,

166 3986 204 4049 ut
225 3984 347 4050 dictum
370 3990 430 4066 est,
464 3984 628 4066 ojuribus
652 3983 788 4065 singulis
810 3980 846 4045 in
867 3980 928 4045 hac
950 3977 1061 4047 littera
1083 3980 1245 4046 contentis
1268 3966 1359 4047 uolu-

165 4105 236 4152 mus
259 4108 331 4155 esse
354 4090 475 4154 alienos
497 4089 627 4169 penitus
650 4092 684 4153 et
707 4086 855 4150 exclusos
877 4089 911 4148 et
932 4102 987 4149 eos
1016 4082 1220 4167 presentibus
1251 4072 1360 4171 exclu-

165 4191 270 4257 dimus
293 4192 490 4275 excipientes
523 4196 556 4256 et
578 4192 732 4268 volentes,
757 4180 917 4270 quatenus
939 4205 1012 4252 cum
1035 4187 1220 4255 bominibus
1237 4188 1360 4255 nostris

166 4311 222 4358 seu
251 4297 380 4377 juribus
411 4297 555 4377 ipsorum
578 4294 683 4359 dictus
707 4291 826 4355 Hersso
850 4287 951 4353 nichil
974 4290 1115 4356 accionis
1148 4288 1267 4356 babeat
1291 4289 1360 4385 'nec

164 4395 229 4474 ipsi
251 4417 358 4464 secum
381 4400 549 4480 quitquam
572 4418 611 4462 ex
641 4399 732 4477 parte
756 4394 870 4465 borum
893 4393 1058 4458 laneorum
1082 4415 1176 4479 agere
1206 4398 1360 4462 tenentur

164 4500 337 4581 vicoversn,
362 4521 401 4564 ex
423 4519 461 4564 eo
485 4500 561 4579 quia
583 4500 688 4563 dictus
711 4496 861 4562 dominus
876 4493 996 4561 Hersso
1016 4498 1092 4578 jura
1114 4499 1148 4563 in
1170 4500 1231 4565 boc
1246 4484 1359 4565 litt‘era
