2894 4890
1181 192 1244 259 269

135 424 331 473 successores
353 412 482 473 nostros
505 406 546 471 tle
568 426 655 471 mera
692 426 802 471 trorum
836 406 1059 471 benivolencia
1080 410 1113 469 et
1135 404 1247 469 volun·

10 516 15 535 ²
143 532 213 579 cum
245 512 355 595 aliquo
386 512 534 579 subsidio
564 514 733 577 bonorare.
781 510 955 575 Habebunt
986 510 1066 575 uim
1100 510 1247 574 bortrines

10 638 28 667 ι
71 616 156 685 aeta
177 620 212 683 et
234 634 346 683 eorum
368 634 573 683 successores
595 616 725 699 plenam
748 623 782 681 et
803 614 1018 682 omnimodam
1051 618 1247 696 potestatem

75 720 155 787 lictos
178 721 291 788 laneos
312 740 386 787 curn
419 722 591 787 structuris
613 727 647 786 et
669 722 818 787 omuibus
850 722 919 785 suis
952 718 1137 783 attinenciis
1171 737 1247 781 ven-

10 830 24 875 ¹
72 824 156 907 ὼπᾱί,
179 827 291 905 dandi,
313 826 479 909 obligandi
494 846 552 893 seu
568 828 682 909 quavis
698 827 793 891 nrovle
809 824 1010 907 disponendi,
1026 826 1122 904 prout
1136 840 1246 886 eorum

10 938 24 979 :-
70 930 188 997 utilitati
211 929 330 995 melius
351 934 385 995 et
407 928 522 995 utilius
545 930 708 995 videbitur
738 930 901 1013 expavere,
932 925 1103 993 dtrnrmotlo
1134 932 1246 1009 poten-

10 1052 25 1083 -“
68 1030 136 1101 labus
159 1038 194 1099 et
216 1032 382 1099 nobilibus
404 1053 469 1099 nou
491 1034 644 1115 vendant,
668 1034 756 1114 (leuat,
780 1034 934 1115 obligent,
967 1032 1022 1097 seul
1053 1031 1157 1097 selum
1189 1030 1245 1093 bo-

10 1146 24 1189 i
66 1138 190 1207 uiribus
214 1137 279 1203 sibi
301 1136 471 1219 similibus,
495 1156 515 1201 a
537 1138 655 1219 quibus
679 1158 809 1203 censum
840 1144 984 1203 nostrum
1017 1140 1050 1201 et
1081 1132 1146 1199 ulia
1172 1134 1247 1215 jura

10 1250 20 1293 ;
67 1242 202 1325 superius
227 1260 382 1323 expressa
397 1242 467 1307 sine
482 1240 706 1325 tli[l]ticultate
722 1242 885 1323 requirere
902 1242 1075 1305 vrvleamus.
1099 1238 1249 1303 l‘reterea

10 1358 23 1397 2-
64 1362 118 1411 um
139 1346 232 1411 inter
254 1344 401 1412 homines
434 1352 562 1413 nostros
593 1348 789 1429 pnrseriptos
820 1346 868 1410 nuel
899 1364 1009 1409 tranum
1042 1360 1246 1409 successores

10 1460 18 1471 '
62 1450 169 1535 aprio
185 1451 360 1517 emerserit
374 1451 563 1533 questionis,
583 1450 631 1517 ita
645 1452 730 1532 quotl
742 1450 866 1533 jubicio
883 1468 940 1515 seu
957 1447 1122 1513 sentencie
1137 1452 1246 1513 nostre

10 1574 24 1609 s
61 1556 97 1621 vel
117 1554 345 1639 procuratoris
374 1555 478 1621 nostri
509 1560 595 1621 stara·-
625 1555 830 1637 nequiverint
853 1556 901 1619 vel
924 1554 1097 1633 noluerint,
1128 1557 1246 1617 cantune

10 1688 21 1713 ι
61 1660 214 1743 appellare
237 1658 414 1743 poteri[n]t
436 1660 477 1723 acl
508 1660 594 1723 cives
628 1658 770 1723 civitatis
794 1658 952 1723 Lunensis
979 1656 1173 1741 justiciapn]
1208 1657 1248 1721 ab

10 1774 24 1799 ·”
60 1764 97 1831 sis
117 1763 268 1847 petituri.
313 1762 397 1829 Sane
425 1764 580 1829 maiorem
612 1761 787 1827 utilitatem
811 1767 845 1825 et
867 1760 1051 1826 libertatem
1082 1759 1247 1825 bominum

10 1880 23 1921 '—
58 1876 232 1937 rostrorum
256 1866 474 1949 predictorum
508 1886 682 1950 procubare
705 1870 855 1931 curantes
878 1865 1025 1930 devlirnus
1049 1870 1082 1929 et
1104 1866 1248 1948 assigua-

10 1994 23 2025 -·
58 1974 147 2041 nurus
174 1973 228 2037 eis
262 1976 430 2037 eteorum
464 1973 706 2038 successoribus
727 1970 749 2034 4
772 1973 883 2036 laneos
914 1990 971 2051 pro
1001 1990 1037 2035 re
1065 1970 1194 2052 publica
1215 1976 1249 2035 et

10 2088 22 2131 2
57 2078 175 2157 pacuis
199 2076 322 2159 partim
345 2074 482 2159 siugulis
510 2077 598 2141 villis
621 2076 764 2149 uulneris,
796 2074 880 2155 quorl
904 2076 1067 2155 vlgariter
1090 2077 1249 2157 obczpzna

10 2204 22 2233 .-
57 2178 338 2265 seupastwissczie
349 2172 543 2259 nominatur,
557 2179 591 2243 in
608 2185 716 2243 triante
728 2179 814 2241 elicta
827 2178 942 2259 Byetin
959 2184 1082 2259 partem
1094 2180 1249 2245 maiorem

10 2294 20 2353 Ξ
57 2286 83 2351 et
99 2302 204 2368 prope
226 2283 331 2348 Patek
352 2284 387 2348 iu
408 2284 480 2347 loco
503 2284 589 2348 dicto
613 2283 731 2347 Iahon·
757 2288 882 2362 partem
904 2283 1071 2363 minorem,
1095 2292 1129 2349 et
1150 2302 1248 2365 prope

10 2400 20 2442 1
57 2386 249 2455 Stradomicz
271 2386 493 2469 promontoria
515 2388 648 2467 inculta,
682 2386 775 2451 silvis
805 2385 925 2451 nostris
956 2392 990 2450 et
1011 2387 1136 2453 rubetis
1158 2388 1249 2452 durm-

10 2520 18 2529 ·
57 2496 135 2557 laxat
157 2490 318 2573 exceptis.
364 2488 480 2555 Medus
511 2494 617 2553 atatem
652 2489 737 2553 circo
771 2508 839 2553 rem
873 2490 1036 2570 publicam
1068 2494 1101 2554 et
1129 2510 1250 2572 pascua

10 2623 16 2649 ι
57 2596 218 2665 nominata
240 2595 320 2661 talis
342 2595 414 2675 erit,
443 2594 598 2659 videlicet
630 2593 716 2675 quod
749 2594 914 2674 campecia
944 2594 1033 2660 dieta
1063 2595 1164 2677 drahy
1198 2598 1249 2660 vel

56 2700 172 2781 prohou
195 2697 345 2781 quelibet
366 2699 525 2764 dictarum
548 2697 697 2763 villarum
724 2698 919 2762 universitas
941 2699 976 2762 in
999 2700 1067 2764 suis
1089 2698 1249 2765 limitibus

56 2808 83 2869 et
101 2801 381 2871 circumferenciis
402 2802 510 2867 facere
532 2803 630 2867 debet
652 2802 719 2865 lata
741 2805 776 2866 et
797 2802 899 2882 larga,
934 2802 982 2867 ita
1004 2805 1089 2885 qued
1115 2821 1250 2885 peccora

57 2914 159 2975 nostra
181 2913 218 2973 ct
239 2908 400 2988 peccurles
422 2924 494 2971 crum
518 2906 592 2971 aliis
614 2906 762 2970 villarum
786 2906 976 2986 peccoribus
999 2913 1033 2972 et
1054 2908 1251 2988 peccudibus

57 3013 151 3079 eciam
167 3011 349 3094 separatim
364 3010 493 3091 possint
506 3011 581 3074 duci
602 3015 636 3074 ct
649 3010 727 3091 pelli
750 3010 791 3072 ad
806 3010 1005 3091 pascendum
1028 3012 1097 3076 sinc
1110 3012 1248 3092 dampno
1268 3025 1292 3065 1¹·
1307 3030 1352 3066 aa.

56 3120 83 3180 et
100 3116 347 3199 impedimento.
372 3112 485 3178 Eciam
509 3119 619 3178 mutue
636 3132 767 3194 pascere
791 3112 910 3177 debent
924 3113 958 3177 iu
973 3114 1053 3178 locis
1076 3114 1250 3182 nominatis

56 3219 89 3285 tle
108 3220 217 3286 Patek
238 3219 274 3283 in
296 3218 505 3298 Stradornicu,
540 3218 579 3281 de
610 3218 809 3283 Stradomicz
842 3216 876 3280 in
898 3216 998 3281 Patck
1032 3222 1066 3282 et
1088 3218 1249 3283 Redonica

56 3326 84 3387 ct
103 3342 282 3405 econverso
304 3322 345 3387 de
360 3321 523 3387 Redonicz
539 3323 572 3386 in
588 3320 690 3385 Patek
706 3327 739 3385 et
754 3320 953 3387 Stradomicz
969 3323 1105 3387 eundem
1120 3324 1250 3389 modum

56 3426 208 3515 pascendi
231 3426 302 3492 siue
332 3426 411 3491 rixis
439 3426 630 3492 inconcusse
660 3426 885 3491 observabunt.
931 3426 1109 3493 Peeeunias
1132 3432 1249 3509 autem,

55 3528 228 3613 inquibus
250 3528 345 3596 nobis
368 3550 426 3613 pro
449 3530 545 3595 dictis
575 3528 694 3594 nostris
724 3531 819 3595 bonis
842 3530 1039 3614 obligentur,
1070 3534 1196 3599 solvent
1218 3538 1251 3597 et

57 3638 177 3702 solvere
201 3634 321 3700 debent
349 3636 383 3700 iu
407 3635 553 3699 terminis
577 3633 776 3698 subnotatis:
807 3634 841 3698 in
864 3635 1079 3716 carnisprivio
1113 3656 1170 3702 seu
1194 3636 1251 3701 ulo-

57 3740 171 3807 minica
205 3738 287 3805 Esto
321 3740 419 3804 michi
453 3740 590 3821 quilibet
623 3738 710 3802 lanei
741 3740 846 3803 cultor
876 3740 975 3804 solvet
1007 3742 1028 3803 3
1063 3758 1167 3821 sesag.
1203 3760 1249 3821 gr.

54 3860 211 3927 prageus,
245 3847 280 3907 et
311 3844 345 3908 in
379 3843 444 3908 alio
478 3842 698 3924 carnisprivio,
732 3842 819 3922 quod
851 3842 915 3907 erit
948 3842 983 3905 in
1018 3860 1102 3906 anno
1127 3843 1250 3908 domini

57 3946 302 4014 lrcchxxv
325 3947 460 4029 quilibet
483 3947 588 4010 solvet
610 3946 690 4010 alias
714 3948 735 4010 3
758 3964 865 4026 sesag.
890 3964 936 4026 gr.
971 3950 1005 4009 et
1038 3946 1073 4009 in
1095 3947 1159 4010 alio
1182 3966 1250 4010 cer-

56 4051 208 4134 uisprivio
237 4051 364 4131 ultimo,
395 4050 481 4131 qued
514 4050 577 4114 erit
610 4049 644 4113 in
675 4068 759 4114 anno
789 4048 912 4114 domini
946 4045 1249 4133 lt⁰[co(t]uxxv1‚

54 4156 190 4237 quilibet
211 4156 317 4221 solvet
338 4158 358 4220 3
382 4174 488 4236 sesag.
521 4172 567 4235 gr.
590 4172 749 4235 pragens,
774 4158 806 4216 et
836 4158 914 4218 tunc
944 4159 1112 4234 presentes
1141 4155 1250 4219 littere

53 4262 89 4329 atl
110 4277 228 4328 eorum
251 4259 383 4325 venient
404 4262 610 4342 potestatem.
633 4258 671 4322 Iu
686 4258 779 4323 cuius
799 4257 849 4323 rei
865 4258 1088 4324 testimenium
1104 4263 1139 4322 et
1152 4258 1251 4322 robur

52 4368 206 4448 perpetue
235 4360 401 4429 firmitatis
430 4366 597 4444 presentes
630 4361 758 4426 litteras
789 4360 970 4441 sigillorum
1000 4366 1185 4428 nostrorum
1219 4366 1251 4426 et

51 4468 168 4553 sigillis
189 4464 348 4534 nobilium
380 4466 582 4532 dominorum
613 4463 779 4530 Wilhelmi
814 4465 854 4529 de
883 4465 1088 4551 Hazenburg,
1122 4466 1249 4534 Alberti
