2894 4890
1212 167 1275 233 307

199 373 272 439 Item
293 372 416 439 ibidem
439 371 617 455 omagisles
639 372 756 453 habot;
778 373 857 440 item
880 379 974 456 prot-s
996 380 1030 441 et
1052 375 1161 443 silvas.

138 520 142 529 ·
197 491 304 559 Villo
325 510 353 559 w
374 492 551 577 Bndozy.

196 594 231 660 W
249 594 373 663 Rudozi
404 614 464 680 pro
497 596 637 665 termino
670 596 702 665 S.
733 597 866 683 Georgii
902 602 943 665 lo
964 618 1070 683 sesag.
1094 621 1141 685 gr.
1169 606 1204 666 et
1224 621 1283 685 pro

127 698 226 767 tmino
247 696 277 766 S.
300 697 390 767 Galli
411 704 548 768 tantum.

195 802 232 869 W
252 803 496 873 Ssemnnioh
517 823 648 889 propo
670 804 850 875 Morinos
872 806 1077 875 iortslioium.

53 901 87 948 W
199 905 237 973 W
257 907 441 977 memenich
463 913 552 977 retro
575 908 719 977 Machow
741 912 805 979 duo
829 909 977 999 el[l]odio
1005 930 1170 995 ogromm;
1205 913 1282 981 itom

122 1015 194 1095 prs
214 1010 303 1096 silve,
327 1012 429 1094 loeus,
452 1013 509 1081 ubi
530 1015 637 1098 pisces
659 1020 749 1081 sunt:
774 1017 851 1083 item
865 1022 939 1083 'uns
962 1016 1064 1083 vineo.

191 1118 270 1184 Item
292 1118 334 1185 de
357 1135 455 1184 oensu
477 1136 536 1201 pro
569 1119 706 1185 termino
737 1120 768 1187 S.
793 1120 926 1203 Georgii
952 1124 990 1187 lG
1014 1141 1120 1204 serug.
1145 1140 1202 1204 gn,
1224 1139 1283 1204 pro

53 1215 81 1306 ,³³
120 1220 226 1289 enno
247 1218 279 1288 S.
303 1220 393 1289 eam
412 1226 551 1289 tentum.

191 1327 274 1392 Item
295 1344 380 1395 nnus
403 1325 584 1410 omegiolis.

55 1506 68 1525 „
189 1428 228 1494 W
248 1429 380 1497 Krezi
401 1430 758 1514 wissegradensi.

53 1520 75 1571 W
190 1531 230 1599 W
250 1533 349 1601 Kroni
371 1534 412 1601 de
433 1553 533 1603 oensu
557 1553 615 1618 pro
646 1535 783 1603 termino
814 1535 844 1603 S.
870 1535 1004 1618 Georgii
1037 1538 1100 1603 due
1122 1556 1228 1605 murce
1250 1543 1283 1605 et

111 1653 150 1718 pro
171 1638 309 1706 termino
331 1637 362 1706 S.
387 1638 474 1705 Galli
496 1644 633 1705 tantum.

53 1832 64 1860 ff
186 1758 305 1826 Villo
326 1760 484 1828 Bronik
506 1767 622 1827 retro
645 1760 967 1844 Wissegradum.

189 1860 257 1949 [W]
279 1864 435 1931 Bronioze
458 1883 516 1947 pro
538 1866 675 1931 termino
699 1867 730 1933 S.
755 1866 887 1949 Georgii
908 1869 930 1935 5
952 1886 1058 1949 serug.
1083 1872 1116 1932 et
1137 1885 1196 1949 pro
1217 1870 1283 1934 ter·

53 1962 55 1974 '
101 1964 175 2034 nino
197 1965 230 2033 S.
253 1966 343 2034 Gelli
366 1972 503 2037 trintum.

189 2071 272 2138 Item
294 2073 570 2140 theoloneum
592 2074 626 2139 in
650 2074 872 2160 Mssultauiu,
896 2077 982 2157 quod
1005 2076 1124 2142 dieitur
1145 2074 1364 2158 Wyton;n.³s.

94 2175 238 2242 etsdhoe
249 2181 301 2243 est
314 2176 485 2244 institutus
501 2197 585 2246 unns
600 2179 778 2262 omagialis,
792 2182 848 2262 qui
863 2181 1001 2247 exscidit
1010 2182 1131 2262 lingna,
1148 2185 1283 2263 uytyns.

187 2283 270 2347 Item
292 2280 413 2348 ibidem
437 2283 606 2365 omagislis
628 2287 757 2349 tenetur
790 2286 916 2350 solvere
938 2285 1025 2351 omni
1047 2285 1101 2350 die
1123 2285 1283 2351 dominico

91 2385 129 2449 14
149 2385 304 2469 piscario,
327 2403 389 2468 que
410 2386 598 2453 laborantur
619 2388 653 2452 in
675 2387 809 2472 Volyno.

189 2507 235 2573 In
257 2507 367 2574 villa
388 2507 638 2575 Buthowicz.

189 2610 232 2675 W
252 2611 491 2677 Buthowiozieh
525 2633 618 2693 unus,
653 2613 710 2694 qui
731 2615 858 2679 laborat
891 2615 1041 2697 pictoria,
1072 2620 1205 2681 consuat
1226 2635 1283 2697 pro

86 2715 227 2782 termino
251 2716 283 2784 S.
309 2715 442 2798 Georgii
467 2718 506 2783 12
529 2736 575 2799 gr.
600 2723 634 2783 et
656 2736 713 2799 pro
736 2719 873 2783 termino
898 2717 929 2784 S.
955 2719 1041 2785 Galli
1063 2725 1197 2786 tontum.

189 2820 272 2886 Item
295 2820 480 2888 molendina
512 2822 546 2888 in
569 2823 672 2905 Praga
705 2841 802 2904 supra
823 2823 995 2904 hospitale.
1043 2825 1103 2889 illa
1124 2843 1208 2890 nunc
1231 2825 1281 2889 de·

85 2925 264 3008 perierrmt.

190 3047 307 3113 Villa
328 3046 565 3113 Wowenecz
588 3060 714 3130 prope
737 3047 915 3130 Pragsm.

191 3151 386 3216 Woweneoz.
420 3151 471 3218 lbi
493 3152 678 3234 prepositus
700 3151 799 3218 habet
829 3152 950 3218 curiam
974 3170 1046 3216 cum
1069 3171 1132 3218 uno
1155 3155 1283 3220 allodio.

88 3257 173 3324 Item
195 3257 363 3339 piscinam,
386 3257 464 3323 item
488 3261 592 3336 ortos;
615 3256 693 3321 item
716 3258 876 3323 decessu
899 3256 919 3321 5
942 3276 1048 3338 sesag.
1072 3277 1116 3340 gr.
1140 3278 1197 3341 pro
1221 3264 1284 3324 ter·

89 3362 179 3429 mino
203 3358 233 3426 S.
258 3353 392 3442 Georgii
413 3365 447 3426 et
468 3381 527 3444 pro
551 3359 687 3426 termino
711 3357 741 3423 S.
767 3359 853 3426 Galli
875 3364 1010 3428 tantum.

196 3482 312 3548 Villa
335 3480 524 3548 Czimioz.

197 3586 372 3671 Gzimicze;
395 3588 441 3653 ibi
465 3591 516 3652 est
538 3587 628 3653 curie
648 3587 807 3669 prepositi
830 3607 902 3653 eum
927 3586 986 3674 l¹s2
1013 3589 1171 3675 al[l]odio.
1203 3592 1284 3657 Item

91 3693 198 3776 vinea,
220 3693 301 3759 item
323 3692 458 3775 piscino,
489 3691 567 3757 item
591 3693 683 3775 silve,
704 3692 784 3758 item
807 3712 890 3758 unus
914 3694 1094 3775 omagialis
1139 3695 1221 3757 Item
1244 3694 1285 3757 do

91 3817 193 3865 censu
213 3799 235 3866 5
258 3817 364 3880 sesag.
390 3816 435 3880 gr.
460 3815 517 3878 pro
551 3796 690 3862 termino
714 3795 744 3863 S.
770 3796 901 3879 Georgii
933 3801 967 3863 et
999 3815 1057 3879 pro
1091 3797 1229 3864 termino
1253 3796 1283 3865 S.

91 3902 181 3970 Gelli
202 3906 338 3969 tontum.

192 4006 308 4074 Villo
329 4024 356 4071 w
377 4003 644 4072 Nuoziezioh.

192 4111 234 4175 W
255 4111 457 4180 Nuozimioh.
481 4109 607 4175 Rustici
639 4110 715 4173 sunt
746 4106 866 4175 ibidem
899 4107 938 4176 15
969 4113 1002 4174 et
1025 4127 1139 4176 census
1161 4112 1285 4177 dandos

92 4219 361 4296 transposuerunt
383 4215 487 4292 aliter,
511 4230 606 4292 quam
629 4209 760 4275 iuuerunt
782 4210 858 4276 dati.

194 4335 311 4402 Villa
335 4357 362 4399 w
386 4333 592 4413 Sedliozy.

193 4438 235 4504 W
258 4439 395 4517 Sedliozi
417 4455 455 4501 ns
475 4434 576 4502 Bubu.
612 4435 736 4501 Ibidem
759 4440 835 4501 sunt
857 4437 998 4522 quinque
1021 4438 1228 4518 hereditates,
1252 4443 1285 4504 et

1130 4560 1179 4613 no*
