2894 4890
185 176 227 244 1'0

179 387 199 450 3
215 404 343 472 grossos
357 380 415 470 pro
432 389 568 471 agnello,
587 379 692 472 pullos
707 389 738 472 8,
759 409 818 456 ova
832 388 876 455 40
893 379 928 456 et
946 390 986 457 de
1005 379 1106 457 auena
1120 379 1188 457 tria
1205 381 1369 474 quartalia
1405 418 1407 457 τ

181 495 304 562 solvere
335 493 440 576 debet,
472 511 565 560 omne
595 495 649 559 ius
680 495 815 560 dominii
843 497 886 560 et
906 494 1123 578 pmprietatis',
1155 486 1242 579 quod
1271 497 1399 591 eidem

180 599 315 666 Pesconi
336 603 370 665 et
392 616 449 665 sue
470 600 563 666 uxori
584 600 619 665 in
648 600 761 667 eadem
792 601 973 667 hereditate
1003 601 1208 684 competebat
1236 601 1289 668 vel
1318 620 1376 694 po»-

181 705 297 772 tuisset
319 709 498 787 competere
524 703 736 786 infuturum,
762 706 798 770 in
825 705 962 771 eundem
988 707 1152 772 dominum
1174 706 1372 788 prepositum

182 813 215 874 et
247 828 340 875 suum
374 813 564 875 conventum
598 826 637 874 ac
670 809 901 874 monasterium
934 809 1166 877 transferendo.
1221 797 1374 876 Vendidit

183 914 284 979 eciam
307 914 411 979 eidem
432 914 561 980 domino
592 915 756 995 preposito
779 917 814 978 et
835 933 894 980 suo
924 911 1120 981 monasterio
1151 916 1237 981 idem
1260 899 1376 980 Petrus

181 1019 301 1084 ibidem
334 1019 415 1084 duas
446 1019 559 1084 domos
580 1037 638 1099 pro
661 1018 683 1081 4
705 1019 873 1100 sexagenis
896 1023 929 1084 et
950 1038 1008 1101 pro
1032 1023 1052 1086 8
1076 1020 1207 1103 gressio,
1239 1019 1280 1084 de
1294 1012 1296 1016 ’
1311 1036 1373 1100 qua

181 1123 316 1204 pecunia
345 1126 424 1204 tota,
456 1122 607 1187 videlicet
630 1127 696 1187 tam
717 1141 776 1204 pro
798 1123 979 1189 hereditate
1009 1140 1106 1205 quam
1136 1142 1194 1207 pro
1225 1123 1372 1189 domibus

182 1226 376 1306 memoratis,
410 1225 496 1291 idem
518 1225 632 1292 Petrus
655 1245 713 1307 per
733 1226 892 1308 prefatum
915 1227 1079 1294 dominum
1101 1228 1303 1310 prepositum
1325 1232 1373 1293 est

183 1331 316 1412 solutus,
340 1347 436 1412 quam
458 1329 528 1411 ipse
551 1332 738 1412 recognovit
759 1349 794 1395 se
815 1332 909 1412 plene
932 1335 966 1396 et
982 1332 1187 1414 integraliter
1203 1332 1371 1414 recepisse.

182 1434 321 1500 Domina
351 1452 479 1518 quoque
496 1435 599 1516 Anca,
630 1453 711 1500 uxor
741 1452 800 1500 sua
829 1436 984 1518 predicta,
1015 1436 1246 1502 condescendit
1275 1435 1374 1502 libere

184 1539 224 1604 de
254 1539 347 1606 bonis
377 1539 540 1622 predictis,
577 1557 639 1621 que
664 1539 782 1604 habuit
804 1541 839 1606 in
861 1540 938 1605 dote
960 1558 1028 1621 sua,
1052 1544 1086 1607 et
1106 1540 1177 1607 loco
1201 1541 1374 1608 eorumdem

157 1664 161 1677 ·
184 1643 224 1708 ad
247 1642 332 1709 bona
352 1645 387 1710 in
409 1643 586 1711 Weleozica
608 1645 682 1728 (sic)
705 1649 756 1710 est
776 1646 920 1726 reducta,
951 1661 1013 1724 que
1043 1663 1101 1726 pro
1131 1662 1192 1712 suo
1221 1634 1373 1712 detalicio

183 1747 329 1829 predicta
351 1748 436 1815 bona
457 1750 492 1815 in
507 1748 664 1816 Weleaica
688 1748 835 1816 benivole
854 1750 1044 1831 acceptavit,
1067 1744 1294 1842 promittentes
1304 1749 1374 1815 ¹‘dde

183 1853 306 1919 sincera
339 1870 411 1918 cum
447 1852 692 1920 fideiussoribus
730 1853 798 1919 suis
834 1851 1071 1935 infrascriptis,
1087 1880 1091 1887 ·
1109 1853 1262 1919 uidelicet
1303 1870 1373 1919 cum

182 1955 329 2023 Miksone
359 1959 399 2024 de
421 1958 605 2042 Blahotycz,
640 1957 739 2025 fratre
770 1976 839 2040 suo,
874 1961 908 2023 et
931 1956 1065 2024 Gaaslao
1096 1959 1137 2023 de
1167 1957 1371 2039 Birahowica,

183 2060 317 2126 eandem
348 2059 561 2127 hereditatem
594 2062 629 2127 in
658 2061 777 2126 Dolina
809 2081 828 2126 a
863 2062 1009 2144 quolibet
1040 2061 1169 2127 homine
1205 2066 1240 2127 et
1272 2064 1374 2129 eciam

183 2183 202 2228 a
224 2165 503 2248 consanguinitate
526 2164 705 2246 disbrigare
727 2165 798 2231 iure
821 2161 917 2248 terre,
948 2170 1045 2249 prout
1076 2165 1109 2230 in
1140 2164 1261 2232 tabulis
1291 2171 1375 2233 terre

182 2269 309 2415 plenius
331 2269 523 2337 continetur

287 2459 419 2547 Empcio
429 2459 527 2547 factu
546 2459 730 2525 bonoram'
714 2483 751 2526 aa
768 2459 890 2527 Deliae
905 2482 926 2526 α
942 2459 1085 2590 Nicoloo,
1100 2458 1213 2546 fretra
1227 2461 1376 2530 Jerbmed

184 2566 223 2629 de
244 2565 418 2633 Blahota'ca.
1306 2602 1309 2607 >

286 2690 379 2755 Anno
413 2688 536 2756 domini
556 2682 815 2756 M⁰cdc⁰xa⁰
806 2711 840 2756 ιιι
874 2694 927 2756 oct
928 2709 988 2757 aaa
1021 2690 1210 2774 Epyphanie
1243 2622 1377 2757 Domini

183 2794 316 2885 discreti
346 2796 408 2860 viri
437 2794 599 2862 Miheset
620 2794 720 2861 Jesho
750 2794 815 2861 frat
800 2799 867 2861 tres
898 2796 938 2862 de
967 2797 1133 2862 Blahoticz
1161 2797 1377 2863 hereditatem

184 2918 285 2981 suam,
308 2917 405 2982 quam
427 2900 609 2966 habuerunt
620 2899 665 2965 in
695 2899 873 2983 Dolina,
905 2880 945 2967 de
974 2919 1039 2983 qua
1068 2900 1144 2968 sunt
1129 2904 1238 2967 ttres
1268 2918 1377 2966 marce

184 3004 382 3071 censuales
372 3023 406 3070 m
428 3005 610 3073 redditibus
633 3008 756 3071 annuat
756 3005 858 3071 imet
843 3004 945 3071 talia
966 3007 1101 3088 minuta,
1135 3005 1262 3089 prout
1253 3023 1289 3073 ιιι
1313 3003 1379 3069 alia

79 3119 168 3174 aaa.
183 3108 367 3188 hereditate
384 3109 535 3185 ibidem
525 3129 561 3177 uu
582 3109 700 3177 Dolina
722 3128 780 3191 per
801 3108 985 3192 Pesconem,
1008 3109 1072 3177 frat
1058 3113 1141 3177 trem
1163 3128 1284 3191 eorsum,
1309 3128 1378 3177 mo·

183 3215 322 3291 nestorio
339 3212 375 3278 8.·
387 3212 491 3281 Mario
505 3215 540 3281 in
554 3215 696 3281 Rudnicz
720 3212 851 3281 vendita
864 3214 1056 3295 continetur,
1075 3233 1162 3296 ¹quas
1177 3214 1378 3286 hereditates

183 3322 401 3395 teneatuunc
423 3323 457 3384 et
478 3318 644 3401 possident
665 3316 819 3398 Barthon,
842 3317 964 3384 Pessek
979 3318 1264 3402 et‚Blazie·y,;cum
1287 3320 1378 3400 agris

183 3422 337 3497 cultiset
364 3421 506 3505 incultis,
537 3421 694 3504 domibus,
712 3421 874 3489 vcensibus
897 3441 935 3489 ac
956 3423 1102 3504 qualibet
1117 3423 1197 3489 'alia
1225 3423 1378 3514 libertate

183 3529 224 3597 ad
242 3529 390 3605 ,eandem
419 3527 632 3600 hereditatem
661 3525 854 3608 pertinente,
885 3525 1097 3593 vendiderunt
1126 3526 1309 3595 honorabili
1332 3546 1379 3593 ac

182 3633 339 3715 religioso.
364 3633 433 3701 viro
463 3632 558 3699 fratri
572 3630 655 3719 *Vito
684 3630 849 3712 preposito
871 3633 905 3695 et
928 3631 1100 3703 conventui
1114 3643 1117 3649 ·
1132 3631 1322 3698 monasterii
1345 3627 1377 3696 S.

181 3735 284 3805 Maris
306 3737 533 3809 canonicorum
550 3733 749 3818 [regularium
768 3736 809 3800 de
826 3733 970 3801 Rudnica
991 3747 1054 3818 pro·
1071 3736 1115 3803 34
1134 3753 1241 3818 sesag.
1264 3735 1375 3803 miuus

182 3841 305 3911 fertone
320 3857 517 3924 'grossorum
547 3839 753 3912 denariorum
782 3857 934 3922 pragen,
961 3859 1056 3906 omne
1074 3826 1140 3907 ‘ius
1174 3839 1309 3906 dominii
1343 3843 1379 3905 et

181 3947 410 4029 proprietatis,
444 3946 529 4027 quod
561 3943 716 4025 predictis
747 3940 890 4011 Miksoui
923 3948 957 4010 et
989 3943 1123 4012 iesconi
1154 3942 1309 4010 fratribus
1342 3943 1378 4010 in

147 4110 150 4115 .
183 4051 295 4129 eadem
309 4050 489 4117 hereditate
508 4048 711 4130 competebat
727 4050 779 4115 vel
795 4049 957 4132 potuisset
976 4053 1157 4131 competere
1172 4049 1207 4119 iu
1221 4048 1376 4130 futurum,

182 4158 220 4227 in.
238 4156 374 4231 eundem
396 4155 560 4229 dominum
582 4154 782 4236 prepositum
804 4157 837 4221 et
859 4172 951 4221 suum
979 4159 1169 4221 conventum
1199 4173 1236 4221 ao
1254 4172 1379 4226 mona

184 4262 282 4328 sterio
299 4261 372 4345 (sic)
388 4243 628 4327 transferentes.
652 4258 715 4338 Qui
733 4259 854 4325 ibidem
877 4257 1016 4325 confessi
1036 4263 1120 4339 suut,
1145 4275 1180 4324 se
1198 4258 1378 4340 predictam

182 4365 351 4447 pecuniam
381 4387 401 4431 a
430 4365 586 4449 prephato
619 4364 783 4445 preposito
815 4368 848 4428 et
869 4373 945 4429 'suo
960 4365 1156 4430 monasterio
1179 4362 1379 4429 Rudnicensi

183 4470 277 4552 plene
300 4474 333 4534 et
354 4470 671 4552 integre'recepiese,
694 4468 920 4550 promittentes
943 4467 1025 4534 'fide'
1044 4468 1378 4548 sineerapredictam
