2894 4890
1176 88 1239 151 23ιῖ

167 288 298 355 debitum
313 298 347 357 et
362 310 545 357 rnenmnum
561 294 708 375 copie-ule
726 292 799 375 [eici
815 294 836 357 o
852 310 959 373 eexeg.
976 312 1022 371 qr.
1038 294 1242 359 denariorum

31 414 42 467 l
143 393 289 461 nornine
312 414 396 475 ome,
418 396 500 461 duos
523 414 629 479 conreg.
644 396 675 459 iu
692 398 774 459 leuto
790 398 822 459 S.
840 396 972 477 Georgii
995 416 1078 463 nuuc
1099 400 1241 479 proxime

137 504 230 579 emto,
245 501 326 565 duee
341 518 448 581 serug.
465 500 497 563 in
515 500 597 564 ieeto
611 496 643 563 S.
657 498 743 562 llrrlli
760 498 876 563 deiude
894 499 1035 563 venienti
1051 520 1122 567 curu
1138 502 1242 582 primo

152 652 160 681 ,
181 602 330 669 videlieet
344 602 387 669 32
403 620 449 687 gr.
466 606 486 671 li
503 604 683 669 etriclroneo
707 623 807 667 oreon
830 610 864 665 et
878 604 900 667 4
916 603 1031 683 pullos,
1055 614 1088 667 et
1110 605 1242 671 ultimus

30 706 50 771 'n
97 722 199 787 rung.
222 726 294 773 erre
316 708 352 773 in
373 706 457 773 ieeto
479 708 511 773 S.
535 706 669 787 Georgii
691 708 810 773 deinde
834 706 982 787 coquenti
1004 726 1077 773 cum
1101 712 1242 776 necundo

10 825 48 871 e·
82 822 158 891 un,
186 810 335 879 videlicet
359 812 401 877 32
425 830 471 893 gr.
495 818 632 889 tuntum,
656 818 687 875 et
712 812 758 875 sic
783 812 967 878 ceolmundo
990 812 1083 877 annulo
1107 814 1244 893 singulis

10 918 41 979 ui
79 910 98 981 l
111 924 294 997 perpetuom
328 917 538 981 successoris.
583 914 628 979 Et
664 916 855 997 quicumque
888 916 1008 981 dictum
1044 936 1174 983 censum
1210 919 1242 981 in

10 1035 38 1079 r·
76 1014 156 1099 dqno
177 1020 396 1101 predictorum
420 1022 630 1086 terminorum
652 1022 730 1086 dere
761 1022 948 1101 neglexerit,
985 1028 1100 1087 extunc
1129 1040 1243 1103 penern

16 1128 37 1187 ἰ
73 1118 137 1203 lgr.
159 1122 297 1203 quilibet
318 1126 483 1206 neglector
513 1144 548 1189 oe
582 1125 702 1191 senciot
737 1126 949 1205 incursurum,
983 1134 1017 1191 el-
1050 1145 1107 1192 noo
1142 1128 1243 1191 eciem

10 1246 33 1289 ‚e-
71 1224 170 1305 m
193 1232 229 1291 et
249 1229 467 1295 omnimodum
490 1229 679 1293 hubeliimun
702 1235 897 1309 potestatem
916 1230 1003 1309 ipooo
1020 1230 1243 1311 inpignerondi

10 1354 36 1397 n
69 1344 107 1409 πο
131 1330 200 1413 jem
234 1330 323 1397 dicto
357 1352 456 1397 cennu
479 1340 513 1397 et
535 1352 628 1413 perro.
677 1334 716 1397 lit
750 1334 926 1397 locavimus
950 1342 983 1397 el.
1006 1335 1148 1399 locnmue
1183 1334 1242 1399 sub

10 1456 34 1501 n
68 1433 151 1513 nens
177 1440 213 1499 et
239 1434 484 1503 condicionibus
507 1436 732 1516 infrascriptis,
757 1436 916 1505 uidelicet.
941 1440 1026 1517 quod
1050 1439 1118 1518 ipse
1136 1438 1243 1503 villum

10 1558 32 1605 n
66 1534 214 1606 'neodem
237 1536 419 1603 hereditate
442 1540 540 1605 debet
563 1541 679 1617 locere,
713 1558 775 1619 que
808 1541 838 1603 in
872 1542 922 1603 sui
959 1541 1084 1619 jndicio
1116 1542 1245 1622 jnrilue

10 1648 31 1709 ύ·
65 1638 180 1711 linurin
204 1642 351 1707 ciritetie
373 1642 546 1725 Pregeueis
569 1644 691 1725 perfrui
714 1644 812 1708 donor
835 1652 866 1707 et
890 1646 1039 1723 polidoro,
1063 1646 1109 1709 sic
1126 1650 1244 1721 minen,

10 1780 27 1811 ς
63 1746 129 1825 qnod
159 1749 235 1830 ipee
255 1746 373 1828 juder
405 1747 445 1811 de
467 1749 490 1811 4
511 1748 688 1812 maioribus
726 1748 843 1819 cuneis,
879 1748 1029 1811 uidelicet
1065 1748 1242 1827 homicidii,

10 1876 25 1915 ε
62 1851 154 1931 nupti,
176 1850 325 1915 incendii
348 1856 381 1915 et
402 1848 605 1917 falsirnonnte
628 1853 748 1917 nullam
772 1852 869 1917 debet
889 1852 1032 1932 recipere
1048 1853 1243 1932 porcionem,

10 1992 25 2021 r
61 1950 290 2021 loninorinos
315 1972 391 2019 vero
414 1956 521 2019 censis
544 1955 680 2020 tercium
716 1962 840 2019 teritum
873 1955 1050 2021 denarium.
1096 1956 1245 2038 Insuper-

10 2090 23 2107 =·
60 2056 154 2143 denne
185 2057 307 2123 incolis
330 2059 404 2123 ville
434 2059 580 2139 predicte
603 2060 742 2123 modium
776 2061 902 2123 lenonm
936 2060 1069 2125 liberum
1101 2079 1158 2141 pro
1191 2080 1245 2141 po·

10 2194 21 2228 ι
59 2162 127 2227 ten'u
158 2161 399 2241 communibus,
423 2164 563 2243 gratuite
599 2162 791 2228 conferimus
826 2169 858 2226 et
881 2164 1047 2229 clonumuo.
1093 2164 1136 2228 Et
1169 2166 1246 2245 quie

10 2302 19 2333 ι
58 2264 174 2347 dmum
211 2270 265 2331 ent
288 2271 322 2329 et
344 2285 519 2332 consonum
542 2266 696 2347 equitati(
725 2272 760 2329 ut
782 2266 838 2345 qui
860 2266 933 2346 plns
967 2266 1087 2331 loboris
1122 2266 1244 2345 suffert,

10 2406 16 2437 l
57 2368 114 2447 illl
133 2370 259 2451 ommni
280 2369 418 2449 recipiat
440 2375 473 2434 et
488 2370 653 2435 mercedis.
677 2371 798 2435 idcirco
814 2376 990 2435 memorato
1007 2368 1114 2434 Murco
1130 2372 1247 2447 demus,

10 2508 14 2519 ·
57 2472 195 2541 ultimum
218 2474 352 2539 bonnm
374 2475 520 2553 liberum,
551 2474 708 2555 judicium
732 2474 868 2539 liberum
891 2476 1003 2540 eodem
1026 2475 1130 2551 modo,
1161 2475 1245 2547 sicut

57 2579 193 2659 nuperius
218 2582 272 2644 eet
293 2596 489 2660 expressum,
520 2578 708 2644 thabernam
742 2576 874 2642 liberem
906 2597 977 2643 cnm
1011 2577 1240 2645 renocionilrue
1263 2597 1287 2640 n.
1302 2596 1334 2637 e.

56 2678 190 2761 lnporum
215 2686 252 2747 ct
275 2701 444 2763 aucupum,
480 2682 591 2747 taliter
613 2688 732 2761 temen,
767 2682 852 2761 quod
875 2683 943 2762 ipse
967 2683 1060 2749 uobis
1083 2683 1245 2749 deservire

57 2782 243 2861 debetcum
268 2803 332 2849 uno
356 2803 438 2866 equo
462 2787 590 2851 uolente
617 2784 675 2867 l¹l2
702 2804 808 2866 sexeg.
833 2786 882 2849 rel
908 2787 1000 2865 duee,
1029 2787 1244 2868 qnondocum·

57 2904 107 2967 que
128 2890 303 2971 expedicio
326 2896 417 2955 extre
440 2897 560 2956 terrem
583 2890 634 2953 uel
656 2889 691 2953 in
713 2895 800 2953 terre
822 2889 920 2953 fuerit
950 2891 1156 2972 proclamata.
1203 2890 1247 2955 Et

58 2992 289 3060 umtedictue
310 2991 439 3059 Murcus
462 2994 635 3074 dompnum
663 2993 795 3075 aliquod
811 2993 844 3057 in
861 2994 931 3074 ipeo
947 3012 1029 3074 equo
1056 2993 1246 3074 perceperit,

58 3102 164 3163 minuc
195 3098 260 3163 soli
289 3104 472 3163 restaurare
494 3098 712 3178 promittimus
734 3098 819 3161 bona
842 3096 914 3161 fide.
959 3096 1110 3161 Pretoren
1133 3096 1246 3175 domne

57 3202 194 3282 uepeieto
219 3200 329 3266 Marco
360 3202 488 3282 plenem
521 3208 553 3264 ot
584 3202 798 3266 omnimodum
821 3205 1013 3282 potestatem
1033 3202 1101 3281 jem
1124 3200 1245 3279 dietum

57 3303 177 3371 lonenm
203 3324 240 3370 ec
268 3305 427 3387 judicium
451 3325 522 3370 cnm
547 3306 694 3370 omuibus
718 3306 888 3386 adipsum
922 3305 1141 3387 spectantibus
1172 3324 1246 3370 ven-

57 3408 158 3489 dendi,
190 3409 343 3488 donandi,
377 3409 553 3490 obligandi,
592 3410 810 3475 commutandi
841 3410 873 3475 in
904 3415 995 3491 purte
1019 3411 1070 3474 uel
1100 3411 1134 3474 in
1165 3414 1244 3490 toto,

57 3517 146 3591 prout
180 3512 244 3579 eibi
277 3514 393 3579 melius
417 3518 450 3578 et
472 3513 720 3579 convenienciue
744 3513 905 3578 videbitur
938 3515 1098 3594 expedire,
1131 3520 1165 3579 et
1186 3513 1246 3591 hoc

58 3632 122 3691 cum
146 3634 306 3683 consensu
329 3623 362 3683 ot
385 3618 549 3683 voluntate
572 3624 693 3683 nostre.
736 3617 930 3683 Adiunctum
953 3622 1004 3680 est
1025 3618 1136 3698 eciem
1160 3618 1246 3699 quod

58 3718 158 3787 incole
181 3720 347 3804 sepedicto
370 3720 445 3786 ville
477 3721 517 3786 ub
543 3721 630 3785 omni
653 3721 834 3799 exaccione,
858 3720 1109 3802 contributione,
1132 3720 1248 3797 robotn

59 3842 110 3901 nen
141 3826 345 3907 quecumque
375 3825 441 3889 elio
471 3825 615 3905 dacione,
648 3826 875 3904 cuiuscmnque
898 3825 1025 3904 generis
1048 3831 1105 3892 eut
1127 3826 1248 3908 speciei
1370 3806 1383 3827 '

60 3930 182 4011 eripiet,
215 3928 312 4007 liberi
342 3933 437 3994 erunt
459 3929 589 4011 penitus
612 3934 644 3993 et
667 3927 816 4008 exempti,
852 3932 985 4009 excepte
1015 3929 1115 3994 berne
1147 3930 1247 4011 regie,

59 4051 149 4113 quern
179 4033 245 4115 ipsi
279 4034 431 4115 expedire
462 4034 634 4113 debebunt,
669 4033 959 4113 quocienscumque
993 4050 1116 4099 exnunc
1150 4032 1247 4113 inerit

60 4142 257 4219 oportunum.
289 4138 326 4216 Ip
350 4137 442 4203 cuius
464 4136 513 4201 rei
535 4137 756 4215 testimoninm
779 4135 888 4217 sigilla
909 4138 1020 4200 nostre
1042 4137 1248 4217 presentibus

60 4246 130 4321 sont
160 4260 316 4326 pppeuoa.
339 4242 493 4321 Dolum·
516 4259 601 4319 enno
636 4240 759 4307 domini
791 4234 1081 4319 M⁰0000L111in
1116 4240 1171 4319 die
1191 4240 1247 4323 Bti

59 4332 451 4429 nmounium'irlo
525 4420 545 4425 ..
603 4364 635 4389 ·‘
678 4418 681 4425 .
