2894 4890
1209 218 1273 289 20³

176 427 292 497 Villo
314 428 503 499 Morsow.

176 535 215 599 Iu
238 530 323 601 villo¹
338 536 493 602 Morssow
516 541 592 603 suut
613 535 710 616 lanei,
734 535 885 601 videlieet
908 554 989 600 unus
1011 541 1045 600 et
1060 538 1079 602 8
1095 535 1184 618 virge
1200 555 1272 601 eum

93 633 134 721 Ἲς,
155 643 189 705 et
211 639 309 707 solvit
329 643 445 709 leneus
467 643 509 708 32
532 661 578 725 gr.
601 660 659 722 pro
683 659 782 707 censu
805 660 863 722 pro
887 646 1023 723 utroque
1046 642 1193 706 termiuo.

177 744 259 809 Item
293 746 425 810 solvunt
458 765 515 829 pro
549 765 654 811 messe
684 747 724 810 de
754 745 900 826 quelibet
923 745 1012 824 virga
1034 763 1093 825 per
1115 748 1135 808 6
1158 762 1274 824 porros

87 849 114 909 et
133 864 192 929 per
213 849 234 914 6
256 866 425 914 mensuras
447 849 551 915 bladi:
576 850 596 913 2
619 848 729 930 tritici,
754 853 773 912 2
797 848 935 931 silIginis
959 854 992 911 et
1014 848 1033 911 2
1057 865 1167 913 avene.

180 949 263 1016 Item
287 956 339 1018 est
360 951 481 1020 ibidem
504 954 723 1019 molendinum
745 951 780 1016 in
803 970 867 1017 uns
891 952 991 1032 virga.

181 1055 264 1121 Item
285 1074 345 1137 per
367 1075 465 1123 unum
488 1058 662 1138 scopulum.

179 1157 312 1224 Summe
333 1159 433 1227 berne
455 1160 498 1226 52
521 1179 568 1243 gr.

178 1277 295 1345 Villo
315 1281 537 1349 Drrswioz.
1296 1310 1377 1353 ro..

180 1383 218 1449 ln
239 1384 403 1451 Drrewiez
426 1391 478 1453 est
499 1387 561 1469 211,
586 1387 677 1467 virgo
698 1389 732 1451 et
753 1385 883 1451 solvunt
903 1387 943 1451 de
969 1386 1057 1467 vlrgs
1083 1388 1120 1451 16
1143 1404 1190 1467 gr.
1211 1383 1274 1449 Ge·

89 1484 169 1568 orgii
191 1491 225 1552 et
247 1487 336 1553 Galli
361 1491 400 1555 16
423 1508 469 1571 gr.

185 1588 315 1657 Summa
342 1592 442 1659 berno
465 1594 483 1657 7
507 1614 553 1677 gr.
579 1596 596 1659 l
621 1595 721 1677 parvi.

183 1712 301 1778 Villo
322 1712 530 1798 Methuge,

66 1846 69 1851 ·
181 1817 219 1883 ln
240 1819 319 1883 ville
342 1817 474 1901 Metuge
496 1825 572 1885 sunt
593 1821 657 1887 duo
679 1821 767 1885 louei
789 1821 894 1886 minus
915 1816 974 1903 l¹l2
997 1820 1096 1902 urge,
1121 1823 1154 1884 et
1179 1819 1276 1884 solvit

87 1922 220 2002 quilibet
241 1921 376 2004 Georgii
397 1927 417 1989 8
441 1943 486 2005 gr.
511 1931 545 1989 et
567 1924 654 1990 Galli
676 1925 696 1989 8
720 1944 778 2007 gr,
809 1924 950 1990 decimos
982 1931 1016 1991 et
1045 1925 1111 1988 aliu
1135 1923 1210 2004 juro
1239 1926 1276 1986 ut

182 2128 314 2197 Summe
335 2130 434 2198 berne
457 2134 501 2201 60
522 2153 569 2215 gr.

181 2252 305 2319 Villo
325 2254 533 2320 Diedowu.

39 2376 42 2451 q
182 2357 220 2423 In
241 2359 321 2423 villa
344 2358 498 2424 Diedowo
516 2364 592 2426 sunt
613 2356 670 2442 l¹l2
688 2360 784 2442 lanei,
800 2366 833 2425 et
848 2363 1003 2428 scultetus
1017 2363 1118 2427 hebet
1132 2360 1275 2425 medium

39 2454 42 2547 l
87 2459 211 2525 loreum
234 2461 372 2527 liberum
394 2467 428 2528 et
449 2464 677 2542 molendinum,
713 2470 746 2529 et
769 2466 867 2530 solvit
896 2468 1007 2531 leneus
1031 2465 1164 2546 Georgii
1186 2467 1206 2529 8
1229 2484 1275 2543 gr.

87 2568 116 2626 et
137 2563 226 2630 Golli
248 2567 268 2631 8
292 2583 338 2646 gr.
362 2569 471 2648 preter
494 2572 650 2648 vecturus,
686 2587 743 2648 pro
768 2568 885 2650 quibus
907 2569 1016 2634 fenum
1039 2567 1162 2652 [fimum
1170 2567 1198 2650 l]
1222 2585 1275 2630 ex-

86 2672 214 2747 portant
236 2669 276 2733 de
297 2672 504 2736 monasterio.

184 2769 315 2836 Summo
336 2772 436 2838 berne
457 2774 500 2840 48
523 2792 569 2856 gr.

185 2893 302 2960 Villa
324 2895 507 2962 Lashom.

183 2999 222 3064 In
253 2999 330 3064 villo
359 3000 495 3065 Loohow
525 3007 600 3067 suut
622 3003 642 3066 5
665 3001 750 3067 lanei
781 3007 814 3067 et
844 3004 864 3066 3
894 3004 983 3084 virge
1007 3010 1040 3068 et
1062 3005 1082 3068 3
1105 3004 1275 3085 quartalis,

88 3108 119 3166 et
140 3102 278 3185 quilibet
299 3105 412 3170 laneus
436 3105 531 3169 solvit
555 3106 596 3169 32
621 3124 666 3186 gr.
691 3125 749 3187 pro
773 3113 909 3188 utroque
933 3109 1071 3172 termIno
1097 3126 1155 3187 pro
1178 3126 1275 3172 censu

86 3213 118 3271 et
138 3226 198 3288 pro
221 3226 326 3274 messe
341 3209 361 3272 8
377 3227 422 3289 gr.
447 3209 584 3290 quisque
606 3211 735 3289 leneus;
759 3212 846 3275 etde
863 3212 1008 3292 quolibet
1029 3212 1123 3277 laneo
1147 3213 1278 3277 solvunt

87 3330 143 3391 per
165 3311 185 3376 6
208 3331 394 3380 mensures:
419 3314 438 3376 2
461 3314 573 3396 tritici,
596 3315 615 3379 2
640 3332 739 3379 evene
762 3319 796 3378 et
817 3317 837 3378 2
861 3315 1008 3396 siliginis.

184 3416 266 3483 Item
289 3418 445 3483 scultetus
469 3417 567 3483 habet
585 3420 666 3485 duos
686 3419 797 3485 laneos
820 3419 949 3502 liberos
975 3421 1032 3487 sed
1053 3439 1111 3502 pro
1135 3421 1275 3487 seeundo

86 3520 143 3584 dot
164 3520 332 3585 annuatim
354 3521 396 3585 32
420 3540 466 3603 gr.

187 3625 269 3690 Item
291 3625 437 3691 homines
461 3627 589 3691 solvunt
609 3645 670 3708 pro
693 3646 798 3694 messe
821 3629 840 3692 8
863 3648 908 3711 gr.

188 3727 319 3795 Summa
340 3730 439 3795 berne
462 3732 481 3794 2
506 3749 612 3812 sexeg.
636 3733 680 3797 50
701 3752 748 3814 gr.

133 3926 137 3933 .
187 3849 304 3919 Villo
324 3851 551 3936 Bodassyn.
1284 3878 1366 3922 rom

186 3953 225 4021 In
246 3956 325 4021 villo
346 3957 514 4040 Bodossyn
528 3958 553 4040 ¹)
578 3964 653 4025 sunt
674 3959 795 4024 llenei
817 3964 851 4025 et
873 3960 998 4026 medius
1019 3961 1143 4040 laneus,
1159 3963 1194 4024 et
1207 3959 1277 4040 qui-

87 4057 167 4125 libet
191 4076 303 4125 eorum
333 4062 430 4128 solvit
452 4063 486 4126 iu
508 4063 561 4127 die
585 4084 609 4128 s.
634 4064 767 4145 Georgii
789 4064 832 4128 45
855 4083 900 4145 gr.
924 4070 958 4129 et
979 4064 1013 4129 in
1036 4062 1118 4130 festo
1142 4082 1166 4127 s.
1191 4061 1278 4127 Galli

64 4159 226 4253 ,41)[ςῃ]
249 4169 284 4229 et
312 4165 450 4247 quilibet
472 4166 587 4249 hospes
610 4167 667 4232 dot
690 4186 787 4232 unum
811 4167 935 4248 pullum
959 4169 1044 4233 eirea
1066 4165 1277 4232 Nativitatem

88 4267 218 4351 domini,
241 4273 275 4335 ot
297 4269 429 4335 suntin
450 4289 583 4337 numero
606 4271 648 4338 22
671 4271 761 4352 pulli.

89 4425 294 4439 ψ

138 4514 164 4581 ¹)
190 4512 327 4569 Redonum
344 4514 377 4568 in
396 4514 464 4568 eod.
485 4520 518 4583 1.‚
537 4512 678 4584 Rodossyn
696 4513 731 4568 iu
749 4512 818 4568 cod.
836 4518 861 4567 2.
