2894 4890
185 208 249 274 242

181 417 281 481 berna
296 415 409 496 regali,
433 416 561 496 quando
584 416 685 482 tuerit
697 434 759 498 per
778 415 849 483 tera
869 416 998 498 publiea
1006 415 1228 496 proclamata,
1250 433 1290 496 qu

182 537 350 602 possessor
371 522 539 587 laneorum
551 521 771 602 predictorum
787 521 891 588 solvet
903 519 999 587 nobis
1011 523 1047 584 at
1060 520 1290 585 monasterion

183 626 225 690 32
247 643 298 706 gr.
319 643 452 708 pragen
483 630 517 691 et
538 643 638 692 unum
673 644 720 708 gr.
753 644 883 709 pragen.
918 641 979 706 pre
1008 623 1253 705 deleneialibus,
1283 645 1290 687 r

81 750 164 791 rus.
193 731 355 813 vulgariter
375 748 515 812 smume,
549 729 809 797 contraiieeione
838 729 984 811 qualibet
1014 728 1261 795 nonobstante

184 833 323 901 mmales
346 836 471 902 solvere
492 833 613 901 debent
635 839 669 898 et
684 837 845 914 tenentur,
866 837 966 913 prout
978 832 1078 899 meris
1098 836 1160 913 est,
1183 831 1225 898 de
1240 849 1290 914 qul

186 939 279 1004 laneo
296 935 335 1024 Ἃ
352 957 399 1020 gr.
415 956 546 1020 pragen.
569 936 770 1004 veraciores
791 955 870 1002 vero
891 937 1060 1004 universas
1083 955 1142 1019 pre
1155 936 1290 1003 nobisel

185 1042 390 1109 curatoribus
412 1042 535 1108 nostris
563 1041 694 1124 penitus
717 1059 929 1106 reservamus.
964 1041 1204 1122 Habebuutque
1227 1039 1289 1106 diet

186 1147 290 1213 mines
312 1148 418 1212 nostri
448 1151 614 1212 eteorum
648 1163 851 1213 successores
883 1147 1012 1229 plenam
1034 1151 1069 1211 et
1091 1145 1289 1212 omnimodas

186 1254 338 1316 testatem
361 1250 466 1316 dictos
487 1251 599 1316 laneos
621 1268 694 1315 eum
709 1251 884 1317 structuris
897 1269 937 1316 ae
951 1251 1100 1316 omnibus
1114 1250 1186 1316 suis
1199 1248 1289 1315 attin«

187 1354 358 1434 vendendi,
382 1352 491 1434 dandi,
515 1354 742 1434 commutandi,
778 1353 943 1437 obligandi
976 1372 1035 1420 seu
1064 1355 1180 1436 quovis
1202 1353 1289 1421 mods

187 1457 390 1539 disponendi,
424 1461 521 1538 prout
554 1456 603 1522 eis
613 1452 640 1537 ¹)
675 1456 791 1523 melius
820 1457 987 1523 videbitur
1011 1457 1183 1540 expedire,
1214 1459 1289 1524 dnm

187 1560 373 1644 potentibus
394 1578 461 1627 non
482 1561 633 1640 vendant,
656 1561 744 1642 dent,
768 1561 913 1643 obligent
943 1567 978 1627 et
1006 1565 1176 1642 exponant,
1201 1563 1259 1628 sed
1281 1581 1289 1628 ε

187 1664 370 1731 hominibus
382 1664 444 1731 sibi
460 1665 623 1731 similibus
638 1669 672 1730 et
686 1665 898 1747 simplicibus,
913 1666 949 1732 in
964 1665 1082 1747 quibus
1097 1683 1229 1731 oensum
1244 1683 1289 1731 nor

187 1774 224 1836 et
237 1770 303 1835 alia
314 1770 390 1853 jura
400 1769 552 1852 superius
567 1787 721 1850 expresse
735 1769 805 1835 sine
824 1769 1019 1835 difficultate
1031 1770 1197 1851 requirere
1212 1770 1289 1835 vals:

187 1875 341 1940 Preterea
370 1890 444 1939 eum
471 1873 557 1938 inter
578 1888 637 1936 nes
671 1872 723 1936 nel
752 1872 899 1938 homiues
921 1877 1050 1940 nostros
1073 1873 1198 1955 aliquid
1221 1892 1289 1939 erne

188 1976 377 2060 questionis,
400 1976 448 2041 ita
469 1975 623 2041 uidelicet
645 1975 733 2056 qued
764 1995 805 2041 ex
838 1981 975 2058 utraque
1008 1980 1101 2059 parte
1128 1976 1288 2059 judieior

188 2086 277 2147 stare
297 2079 546 2162 nequiverimus,
580 2084 697 2146 extunc
727 2081 893 2162 appellare
925 2081 1067 2162 poterint
1100 2082 1152 2146 vel
1180 2086 1288 2162 potori

188 2185 355 2253 civitatem
371 2180 607 2265 (loloniensem,
627 2184 793 2267 justiniam
808 2184 884 2251 inde
899 2185 1071 2267 recepturi.
1093 2187 1144 2249 De
1163 2185 1288 2266 juribus

187 2287 443 2369 adreneielibus,
478 2289 564 2368 quod
605 2288 767 2369 vulgariter
807 2308 998 2372 przygemne
1031 2289 1228 2371 nominatur,
1266 2309 1288 2357 s

187 2393 365 2461 seeundum
387 2390 566 2473 antiquum,
598 2410 698 2457 unum
732 2392 884 2458 videlieet
913 2410 959 2474 gr.
989 2411 1121 2474 pragen.
1166 2392 1288 2461 Premit

185 2504 299 2567 autem
313 2503 388 2563 tarn
411 2499 491 2577 aput
520 2512 579 2561 nes
613 2499 776 2576 tamquam
804 2501 885 2580 aput
906 2514 1110 2563 successores
1131 2502 1288 2564 nostres<

187 2602 336 2675 nomines
358 2602 393 2666 e't
415 2616 526 2666 eorum
549 2616 751 2665 successores
780 2599 814 2665 in
848 2600 947 2666 nullis
980 2600 1055 2666 aliia
1077 2601 1288 2668 honoribus(

190 2704 322 2772 neribus
343 2707 452 2786 preter
470 2702 546 2786 jure
569 2703 717 2784 superius
746 2722 898 2785 expressa
928 2702 1143 2789 ag[g]reuare,
1165 2705 1288 2771 molistr

187 2807 389 2892 perturbare,
413 2807 471 2873 aed
487 2823 543 2872 eos
558 2805 698 2873 fideliter
711 2804 836 2890 regere,
857 2815 1027 2890 protegere
1040 2813 1076 2873 et
1089 2808 1288 2890 gubernare:

190 2933 256 2998 quo
279 2929 452 2996 passuum
473 2911 611 2977 meliori
648 2913 687 2977 In
710 2913 804 2978 euius
825 2913 874 2978 rei
896 2912 1119 2978 testimonium
1141 2917 1176 2978 et
1195 2913 1288 2980 robur

191 3022 291 3101 petua
311 3014 477 3087 firmitatis
498 3019 666 3097 presentes
696 3015 822 3081 litteras
852 3015 1033 3098 sigillorum
1066 3019 1253 3083 nostrorum
1266 3017 1287 3098 ²]

192 3123 313 3189 nimine
340 3119 497 3204 jussimus
528 3119 728 3185 communiri
773 3119 886 3185 Testes
914 3118 1028 3185 horum
1059 3124 1137 3186 sunt
1168 3120 1287 3189 nobiles

188 3225 413 3292 Markwardus
429 3223 470 3288 de
483 3222 648 3304 Jererran,
665 3222 771 3289 Jenko
787 3222 828 3289 de
843 3221 1001 3305 Wsltrub,
1018 3222 1181 3290 Herssnho
1197 3225 1238 3292 de
1252 3223 1287 3308 Β]

188 3330 312 3395 Datum
343 3326 379 3394 in
412 3327 608 3393 monasterio
638 3332 749 3394 nostro
780 3328 1007 3395 Strahomiensi
1040 3327 1186 3409 predicto
1218 3347 1287 3395 aun

189 3433 273 3498 mini
294 3427 549 3498 M⁰GOC⁰LXX⁰
566 3432 675 3512 'primo
696 3432 731 3498 iu
752 3432 806 3498 die
829 3430 898 3499 Seli
920 3432 1007 3498 Galli
1030 3432 1224 3499 confessoris
1245 3432 1287 3514 gl«

211 3548 217 3563 ’
243 3562 270 3597 ’.
296 3537 379 3602 Item
400 3536 547 3601 Andreas
568 3537 677 3616 quoad
699 3537 781 3604 dues
803 3539 915 3605 laneos
941 3556 999 3620 per
1021 3557 1056 3604 se
1079 3542 1212 3618 emptos·
1233 3536 1269 3603 in

188 3641 296 3708 forma
316 3639 417 3706 habet
431 3638 640 3722 privilegium
657 3641 694 3705 et
716 3640 813 3708 debet
835 3643 944 3711 omnia
966 3648 1000 3709 et
1015 3642 1143 3724 singula
1162 3641 1239 3725 jura
1254 3641 1287 3708 dr

194 3747 320 3812 solvere
342 3745 383 3811 ud
404 3742 508 3810 instar
529 3741 668 3810 aliorum
684 3744 885 3813 censualimn
906 3746 1010 3828 ipsius
1029 3744 1113 3811 wille
1133 3744 1276 3825 Ouarar,

192 3851 230 3917 in
250 3847 421 3932 privilegio
443 3847 604 3930 superiori
621 3848 827 3931 sentinetur.
1200 3849 1203 3853 ’

203 3984 218 4015 '²
236 3984 417 4071 y'Vrlls
437 3982 722 4068 Semdru'ryez.

221 4092 247 4105 ”
290 4090 383 4172 'item
415 4090 537 4177 itidem
571 4092 647 4172 suut
679 4106 700 4171 3
734 4103 896 4189 quartalia
936 4122 1086 4198 agrorum
1127 4103 1168 4169 ‹le
1202 4105 1286 4187 agris

196 4202 325 4276 Oir'tn'srr
348 4209 424 4275 olim
446 4208 529 4276 bone
552 4206 706 4279 memorie
727 4204 868 4283 Jenlroui
891 4209 924 4270 et
945 4196 1095 4303 Je'reroni
1117 4208 1157 4272 de
1179 4202 1286 4274 Sern'dr

219 4396 224 4419 ¹
251 4400 272 4461 ¹)
299 4395 494 4451 einiin'eed.
534 4402 548 4421 “·
683 4396 686 4401 ’

196 4479 573 4552 &tremorum-ineo&
625 4506 651 4537 1·
780 4518 783 4525 .
856 4508 859 4515 ·
