2894 4890
1197 216 1240 283 83

65 434 71 451 ¹
180 416 212 483 iti
230 418 327 487 irater
348 420 515 487 Johauuas
544 420 651 487 dictus
673 421 862 503 Bietowecz,
894 430 970 489 tuuc
992 422 1190 493 infimnarius
1212 430 1245 493 at

61 522 70 583 ’-
201 542 243 607 us,
271 542 346 593 cram
367 525 502 593 consilio
533 528 638 593 tocius
669 532 845 593 conventus
867 528 1013 595 uendidit
1035 548 1158 611 agrum,
1189 530 1246 614 qui

61 642 68 687 i
166 626 216 695 'ter
235 628 355 695 eicitur
375 626 525 713 Tycha,
555 631 611 712 qui
640 650 719 713 ager
748 632 918 713 spectabat
946 631 1036 712 prius
1060 632 1102 699 ad
1123 633 1245 699 mariam

64 730 74 741 “
175 730 182 747 ’
213 749 261 797 am
275 733 312 799 in
335 731 652 815 Hosticradicz,
675 732 803 801 Andree
818 734 939 801 ibidem
954 752 1012 816 pro
1027 736 1163 818 30²·gr,
1185 736 1245 803 tali

97 826 167 915 §ner
179 835 374 919 condicione,
389 837 475 919 quod
490 839 576 905 idem
592 838 739 905 Andreas
754 836 918 904 tenebitur
932 838 1059 907 solvere
1073 836 1114 905 do
1131 840 1243 907 eodem

92 950 139 1027 ¹,tro
152 944 301 1023 perpetua
323 941 359 1007 in
379 939 463 1008 festo
487 942 518 1007 S.
543 942 676 1023 Georgii
707 944 727 1007 il
751 962 797 1024 gr.
829 945 863 1007 ct
884 942 1020 1007 totidem
1049 942 1084 1009 iu
1105 940 1189 1009 festo
1212 940 1243 1009 S.

92 1032 143 1127 illi
159 1043 312 1111 inclusive
335 1049 455 1125 staura,
490 1047 524 1110 et
546 1045 586 1111 la
609 1046 682 1113 aliis
705 1064 781 1113 vero
805 1045 1030 1115 exacciouibue
1053 1046 1150 1115 debet
1172 1064 1244 1113 osse

83 1138 135 1213 bor
152 1151 184 1213 et
203 1148 331 1214 solutus
352 1146 424 1229 ipse
447 1150 480 1212 et
502 1147 554 1214 sui
576 1166 788 1215 successores.

151 1252 239 1319 Nota
260 1268 347 1317 anuo
368 1249 492 1317 domini
513 1250 702 1317 millessimo
726 1250 918 1321 CCCGXIP.
954 1254 1108 1321 Nicolaus
1130 1252 1240 1321 divina
1248 1278 1272 1321 r.
1285 1280 1331 1322 aa.

68 1354 259 1423 mamone
275 1352 377 1422 abbas
390 1356 542 1437 totusque
558 1359 736 1421 conventus
754 1357 945 1423 monasterii
959 1358 1138 1425 insulensis
1155 1376 1245 1425 reco-

61 1460 228 1539 rroscimus
249 1462 364 1525 tenore
378 1458 581 1539 presencium
596 1459 765 1525 universis.
790 1460 874 1539 Quia
896 1460 1055 1529 discretus
1076 1461 1127 1527 vir
1147 1461 1243 1529 Nico·

61 1552 178 1633 iana-de
199 1561 372 1645 Babsteiu,
394 1579 480 1629 nunc
502 1562 649 1629 notarius
664 1564 853 1631 monasterii
875 1565 987 1647 nostri,
1012 1565 1091 1631 emit
1113 1566 1244 1633 domum

61 1680 113 1735 um
142 1666 339 1748 hereditate,
374 1683 470 1748 quam
499 1665 583 1732 bone
613 1669 767 1734 memorie
799 1666 838 1733 N.
870 1668 1007 1734 Palczek
1038 1669 1079 1733 de
1108 1668 1243 1734 Daual

61 1773 145 1839 enuit
166 1776 204 1839 et
225 1769 382 1855 possedit,
419 1788 492 1837 curn
523 1771 610 1837 omni
636 1771 711 1853 jure
742 1791 801 1839 suo
832 1772 874 1838 ad
907 1771 1026 1839 dictam
1058 1771 1244 1837 demumst

61 1878 161 1965 oriam
184 1881 222 1943 et
242 1875 458 1951 hereditatem
475 1879 674 1959 spectantem
697 1880 731 1943 et
744 1876 961 1959 pertinentem
984 1873 1069 1963 [sict
1092 1874 1244 1941 videlicet

61 1984 124 2067 pis
145 1982 250 2049 cultis
272 1986 308 2047 et
328 1980 469 2065 incultis,
492 1981 627 2059 rubetis,
649 1979 789 2062 pascus,
806 1978 912 2061 planis
936 1982 970 2045 et
984 1976 1108 2061 asperis
1131 1983 1165 2045 et
1186 1998 1243 2045 ne·

61 2106 137 2170 rore,
161 2105 228 2171 que
244 2087 408 2168 wlgariter
428 2084 464 2151 iu
478 2086 653 2153 Starahora
668 2089 899 2168 nunccupatur,
923 2084 965 2150 ari
979 2084 1099 2151 dictam
1121 2082 1244 2151 curiam

61 2195 224 2262 tuomum
242 2190 459 2275 pertinentem
481 2190 553 2273 [sic]
574 2207 632 2272 pro
652 2194 741 2257 certa
762 2189 900 2270 pecunia
920 2187 994 2273 [sic]
1014 2206 1140 2255 summa
1158 2188 1244 2255 circa

61 2297 203 2364 iscretos
220 2295 313 2361 -viros
336 2294 559 2362 Vciiczcouem
582 2300 615 2360 et
635 2294 828 2377 Procopium
852 2298 979 2363 sutores
1001 2293 1041 2359 de
1056 2292 1161 2360 Dauel
1183 2292 1244 2365 tali

61 2421 146 2469 uneu
171 2398 373 2480 condicione,
399 2399 485 2481 quod
506 2399 672 2481 predictus
694 2397 847 2467 Nicolaus
871 2402 904 2464 et
925 2397 1029 2479 ipsius
1051 2396 1187 2465 heredes
1210 2400 1244 2463 ct

61 2522 248 2575 accessores
269 2503 371 2571 nichil
401 2507 554 2569 tenentur
577 2503 703 2568 solvere
734 2506 768 2568 et
796 2504 873 2567 dare
904 2503 945 2568 de
974 2502 1063 2568 dicta
1092 2502 1186 2568 domo
1210 2504 1244 2566 et

61 2610 246 2693 meditate,
277 2608 335 2675 sed
365 2606 588 2673 tantummodo
626 2605 769 2687 servire,
811 2611 908 2688 prout
939 2605 1039 2672 ceteri
1069 2605 1242 2673 servitores

61 2711 250 2793 arostarii,
284 2712 342 2794 qui
375 2710 538 2794 wlgariter
570 2710 833 2794 uaprawnicoues
866 2711 1037 2787 dicuutur,
1069 2714 1104 2777 et
1135 2710 1243 2792 ipsum

61 2818 213 2897 ieolaum
236 2817 428 2889 ettheredes
461 2833 538 2883 suos
559 2816 594 2883 in
616 2814 726 2896 aliquo
757 2832 823 2881 uon
845 2815 965 2883 debent
985 2813 1093 2898 ipsum
1116 2818 1242 2897 pertur-

61 2939 203 2995 ere‘,nec
223 2921 399 3001 molestare
421 2939 481 2988 nec
504 2920 724 3002 exacciouare,
755 2920 813 2986 sed
845 2919 949 3001 magis
982 2938 1041 3001 pro
1064 2937 1123 2985 suo
1145 2936 1242 3001 posse

61 3032 214 3110 retegere
238 3029 272 3101 et
291 3044 481 3109 promovere
503 3030 570 3091 tam
587 3025 653 3106 diu,
676 3042 739 3107 quo
762 3024 845 3107 ipsis
869 3022 1007 3089 dominis
1028 3020 1188 3105 placuerit
1209 3024 1244 3087 et

61 3132 105 3199 ibi
127 3130 269 3197 Nicolao
293 3133 326 3201 et
347 3130 521 3197 heredibus
551 3130 619 3198 suis
641 3127 813 3195 uidebitur.
852 3124 910 3192 Sin
940 3130 1049 3193 autem
1081 3125 1152 3208 ipse
1185 3122 1242 3191 Ni·

61 3238 152 3303 olaus
176 3233 302 3301 servire
316 3252 394 3298 ¹uon
422 3233 544 3316 poterit
576 3236 708 3315 propter
739 3233 940 3299 senectutem
971 3234 1005 3296 et
1035 3228 1243 3312 gravedmem

61 3338 186 3423 orporis
210 3336 273 3417 sui,
297 3340 415 3402 extunc
436 3334 507 3419 ipse
520 3334 672 3402 Nicolaus
696 3339 729 3401 et
749 3335 886 3402 heredes
909 3338 943 3400 et
964 3352 1169 3403 successores
1191 3335 1244 3403 sui

61 3445 161 3511 ebeut
178 3441 321 3507 vendere
340 3439 459 3506 dictam
474 3440 695 3505 heredidatem
708 3442 741 3505 et
756 3440 886 3505 domum
900 3438 936 3505 in
950 3439 1122 3507 servicium
1140 3459 1198 3507 seu
1208 3440 1243 3509 iu

61 3567 89 3613 rs
111 3543 342 3629 preseripam,
366 3563 429 3627 quo
448 3544 519 3627 ipse
534 3543 688 3610 Nicolaus
708 3543 813 3612 tenuit
827 3548 861 3611 et
875 3544 1031 3626 possedit,
1053 3542 1187 3625 pacifice
1209 3548 1243 3613 et

61 3651 149 3716 uiete
166 3652 333 3728 tamquam
352 3649 425 3730 jure
441 3647 659 3729 proprietatis.
690 3649 826 3730 Insuper
841 3649 944 3715 eciam
965 3648 1131 3732 pradictus
1144 3647 1242 3717 Nico·

61 3772 111 3821 rus
121 3757 159 3821 et
169 3753 308 3825 heredes
319 3752 371 3823 sui
380 3752 500 3819 debent
514 3769 586 3817 esse
600 3751 695 3817 liberi
707 3755 742 3817 ct
753 3752 852 3819 soluti
866 3753 907 3819 ab
923 3752 1072 3820 omuibus
1083 3751 1241 3833 gravami-

61 3858 146 3939 ibus,
159 3854 398 3935 exaccionibus,
412 3854 629 3923 solucionibus
642 3855 884 3939 quibuscunque
895 3853 1055 3937 inpositis.
1071 3856 1154 3921 Acta
1165 3860 1242 3921 suut

61 3980 99 4028 ‚ec
117 3979 206 4027 auno
227 3975 291 4042 quo
305 3960 455 4040 supram
477 3960 530 4025 die
554 3960 610 4027 Sto
629 3958 834 4041 Margarethe
852 3958 987 4043 virginis
1000 3958 1056 4044 [13
1068 3957 1150 4043 Jul]
1164 3964 1241 4026 aute

62 4066 216 4133 nandium
237 4064 273 4129 in
296 4062 364 4129 sala
378 4062 542 4131 refectorii
562 4063 766 4146 presentibus
781 4062 950 4131 Frankone
971 4063 1090 4146 priore,
1106 4061 1240 4149 Scarbia,

61 4170 207 4253 reposito
221 4168 348 4248 domus,
365 4167 505 4233 Martino
518 4168 706 4249 sacristana,
725 4165 891 4247 quieoue,
911 4166 1087 4247 Bohusiao,
1105 4165 1238 4251 Thebip,

61 4274 230 4357 tephanno
254 4271 402 4355 plebano,
426 4272 447 4338 J
450 4272 574 4339 ohanne
597 4269 737 4336 Ozeczek
760 4274 794 4336 et
813 4269 889 4337 aliis
911 4269 1074 4337 fratribus.

144 4376 234 4441 Nota
267 4394 350 4441 anuo
385 4376 508 4442 domiui
540 4370 811 4441 ΜΟΟΟΟΟΧΙΙΠο
841 4393 947 4441 coram
977 4374 1070 4443 nobis
1101 4375 1238 4445 Nicolao

61 4477 345 4561 bba.te,‚,Mstislao
366 4480 541 4561 preposito.
566 4479 693 4560 Debita,
711 4497 773 4559 quo
789 4482 942 4549 tenentur
956 4478 1078 4547 Jacobo
1102 4485 1137 4547 et
1151 4480 1235 4549 Mar·

1063 4599 1096 4648 f*
