2894 4890
194 104 259 171 212

298 316 381 382 Item
403 318 541 399 quilibet
562 317 676 383 laneus
699 317 757 382 (lut
779 317 800 381 3
821 332 990 383 messores.
1124 322 1127 327 '

299 423 383 487 Item
406 419 465 508 [in]
486 422 610 503 judicio
634 426 683 487 ter
704 422 740 486 in
763 440 847 487 anno
870 439 929 502 per
954 418 978 502 ¹!
1017 438 1064 502 gr.

299 528 384 591 Item
400 525 538 608 quilibet
551 527 664 590 laneus
680 524 779 589 solvit
792 523 813 588 9
828 541 985 603 nummos,
1003 523 1060 604 qui
1075 523 1232 590 dicuntum
1245 530 1434 606 quatuor

197 630 380 696 decimales,

300 734 418 799 Villa
441 731 675 798 Ozeledicz.

105 857 186 899 aas
304 837 421 903 Villa
444 837 717 903 Sohotowioz.

303 945 341 1008 In
364 943 442 1007 villa
465 939 660 1008 Sohotowicz
684 945 760 1006 sunt
781 939 867 1005 lanei
890 943 941 1014 21,
976 958 1112 1021 quornm
1139 941 1280 1022 quilibet
1301 941 1432 1008 solvit

201 1066 259 1129 pro
284 1064 383 1112 censu
406 1045 505 1109 semel
527 1044 561 1109 in
585 1063 680 1123 anno,
703 1044 856 1109 videlicet
876 1044 909 1109 in
931 1042 1015 1109 festo
1038 1063 1064 1108 s.
1080 1043 1266 1111 Wenceslai
1287 1045 1328 1111 24
1348 1060 1424 1125 gr.

202 1156 235 1216 et
258 1151 296 1214 31
322 1166 490 1213 mensuras
511 1149 613 1213 tritici
637 1154 670 1212 et
692 1147 732 1211 31
756 1166 924 1214 mensuras
956 1167 1058 1212 avene
1080 1149 1121 1215 de
1143 1147 1217 1228 ipsa
1238 1164 1418 1225 mensura,

203 1272 299 1336 quam
321 1253 442 1317 hahent
465 1255 505 1318 ab
529 1253 672 1333 antiquo.
756 1281 759 1286 ·
1249 1241 1253 1246 ’

305 1358 387 1421 Item
411 1357 495 1422 alins
517 1357 641 1437 laneus,
676 1358 829 1423 videlieet
859 1357 979 1423 XXIM⁸
1012 1356 1155 1437 pertinet
1185 1357 1228 1421 ael
1247 1356 1406 1439 judicem,
1444 1380 1446 1385 ¹

203 1462 259 1543 qui
281 1480 340 1543 pro
363 1468 507 1542 tempore
529 1459 639 1537 fuerit,
674 1462 714 1525 de
737 1479 801 1542 quo
834 1462 905 1541 ipse
935 1461 1035 1542 judex
1056 1478 1121 1525 non
1144 1461 1244 1527 dehet
1265 1461 1401 1533 solvere,

203 1566 260 1631 sed
282 1569 411 1631 tenetur
434 1583 565 1630 censum
588 1564 742 1645 colligere
765 1570 800 1629 et
820 1565 966 1630 homines
989 1563 1167 1645 exhrigare.

307 1670 388 1735 Item
411 1671 451 1735 de
471 1669 614 1750 quolibet
637 1671 731 1733 laneo
747 1673 899 1732 tenentur
922 1669 999 1733 dare
1019 1667 1061 1731 ad
1083 1665 1202 1733 festum
1226 1684 1321 1750 pasce
1340 1678 1395 1748 per·
1443 1677 1446 1685 ’

206 1775 245 1839 15
269 1792 330 1840 ova
352 1778 385 1838 et
407 1773 448 1836 ad
471 1774 590 1839 festum
613 1774 840 1853 penthecostes
863 1791 920 1854 per
941 1775 957 1836 1
981 1772 1105 1852 pullum
1128 1775 1162 1836 et
1185 1771 1228 1835 ad
1251 1771 1333 1839 diem
1352 1785 1384 1833 ss
1440 1780 1446 1801 ¹

204 1878 291 1942 Petri
307 1884 341 1942 et
354 1877 448 1941 Pauli
471 1896 529 1958 per
554 1880 569 1942 1
587 1877 709 1958 pullum
726 1884 759 1942 et
775 1877 817 1941 ad
830 1876 915 1941 Mem
931 1875 1150 1942 dedicacionis
1165 1894 1225 1956 per
1246 1879 1261 1941 l
1278 1875 1384 1956 pnllun

213 1985 246 2044 et
268 1982 309 2046 ad
331 1980 448 2045 festum
472 1980 639 2046 Michaelis
662 2001 720 2062 per·
743 1985 764 2045 4
785 1982 902 2062 pullos.

308 2086 391 2149 Item
422 2085 640 2150 molendinum
673 2085 707 2149 in
739 2085 851 2149 eadem
885 2085 963 2150 villa
997 2083 1093 2150 solvit
1125 2084 1227 2149 semel
1261 2085 1296 2149 in
1316 2097 1386 2147 anno

205 2188 375 2255 Michaelis
397 2206 455 2269 per
478 2190 518 2253 16
542 2208 588 2269 gr.

307 2292 388 2357 Item
411 2292 457 2357 ibi
479 2297 531 2356 est
561 2293 651 2356 curia
685 2294 726 2356 ad
757 2292 920 2357 colonaria
954 2312 1026 2357 cum
1057 2291 1120 2376 2¹!²
1145 2293 1252 2373 laneo,
1276 2293 1315 2358 de
1336 2308 1392 2373 qua

206 2397 311 2477 solvit,
336 2397 391 2476 qui
413 2396 517 2476 ipsam
541 2396 699 2475 convenit,
734 2399 753 2458 9
778 2416 884 2478 sesag.
910 2416 955 2478 gr.
987 2398 1021 2461 in
1051 2395 1135 2462 festo
1159 2394 1344 2474 Michaelis;
1365 2398 1393 2457 et

206 2502 291 2565 dicte
315 2500 402 2564 curie
425 2503 576 2564 tenentur
597 2498 664 2579 ipsi
684 2498 789 2564 incole
812 2500 956 2566 eiusdem
979 2499 1054 2566 ville
1076 2499 1278 2565 rohotizare:
1299 2498 1395 2582 primo
1422 2558 1444 2579 κ

206 2605 325 2669 debent
336 2605 444 2669 omnia
458 2603 547 2682 ligna
562 2604 734 2681 adducere,
751 2623 812 2684 que
828 2605 891 2670 sibi
910 2605 944 2669 in
960 2605 1042 2671 silva
1056 2623 1157 2685 prope
1171 2603 1396 2671 monasterinm
1422 2596 1444 2615 ‘

206 2707 432 2788 Reygradense
454 2707 581 2785 dantur,
604 2712 671 2771 tam
694 2727 750 2788 pro
774 2709 848 2788 igne
865 2727 961 2789 qnam
985 2727 1042 2790 pro
1059 2706 1205 2788 edificiis,
1229 2712 1265 2772 et
1285 2707 1399 2773 debent
1430 2707 1444 2722 ‘

207 2811 315 2876 omnia
329 2815 450 2876 metere
467 2816 500 2875 et
515 2810 556 2874 ad
573 2811 695 2875 curiam
718 2812 875 2877 adducore
899 2817 932 2875 et
944 2811 984 2874 de
1000 2807 1120 2895 or[r]eo
1145 2811 1324 2893 deponere;
1347 2808 1400 2876 sed

208 2916 269 2980 hoe
291 2918 465 2981 notandum
490 2921 548 2995 est,
582 2915 669 2996 quod
691 2917 780 2996 prius
811 2916 949 2980 mediam
971 2919 1095 2995 partem
1122 2933 1253 2981 auarum
1275 2914 1399 2997 frugum
1438 2925 1444 3003 g

208 3021 328 3087 dehent
350 3024 471 3083 metere
495 3024 528 3083 et
550 3018 685 3099 posthoc
707 3019 899 3084 robotizare.
1286 3040 1291 3049 ·
1438 3097 1444 3108 ,

312 3123 394 3187 Item
418 3128 493 3188 sunt
515 3123 561 3187 ibi
583 3128 650 3186 tres
674 3123 743 3204 agri
770 3124 959 3204 singulares,
984 3125 1113 3190 solvunt
1133 3142 1193 3205 per
1218 3122 1256 3208 ΙΙ,
1280 3140 1327 3205 gr.
1439 3130 1444 3154 ²⁴

311 3225 394 3291 Item
405 3227 619 3292 Nauuurczer
629 3227 655 3306 ¹)
671 3227 770 3293 habet
785 3232 933 3307 quartum
946 3245 1068 3308 agrum
1082 3229 1123 3293 de
1137 3244 1200 3308 quo
1214 3227 1313 3295 solvit
1325 3228 1342 3290 1
1356 3244 1400 3307 gr.
1440 3218 1444 3239 “’

313 3331 395 3394 Item
419 3328 539 3394 Seudar
563 3332 659 3398 solvit
682 3332 721 3394 de
745 3331 884 3410 quodam
909 3351 986 3413 agro
1011 3332 1074 3397 alio
1098 3334 1117 3395 2
1140 3350 1186 3412 gr.

313 3435 396 3499 Item
419 3431 552 3514 Ways²l
576 3434 674 3500 habet
697 3454 809 3516 agrum
830 3435 981 3516 pltancie.

314 3538 395 3603 Item
419 3536 458 3601 de
481 3537 626 3616 quolibet
659 3538 752 3602 laneo
788 3539 917 3603 solvunt
949 3539 1095 3604 venatori
1128 3537 1325 3605 marchionis
1347 3556 1403 3619 per

213 3645 229 3706 1
248 3660 306 3723 gu,
331 3648 363 3706 et
385 3644 515 3723 propter
537 3642 598 3707 hoc
624 3642 722 3707 dehet
747 3642 794 3707 eis
821 3641 904 3709 deici
920 3643 960 3723 [l]
992 3640 1024 3726 'ln
1042 3642 1252 3724 theoloninm,
1276 3643 1402 3724 quando

212 3747 346 3811 veniunt
367 3746 401 3810 in
423 3746 628 3811 Russiowicz.

182 3867 201 3895 ⁹·
318 3850 449 3915 Summa
471 3848 641 3917 Michaelis
666 3852 705 3915 ll
729 3869 836 3932 sesag.
860 3852 904 3916 44
926 3871 972 3933 gr.
996 3855 1016 3918 6
1038 3850 1138 3933 parvi.

316 3950 448 4018 Summa
469 3953 570 4020 tritici
593 3954 655 4021 661
668 3951 705 4036 ³),
729 3958 763 4020 et
782 3955 844 4020 hoc
866 3955 985 4021 debent
1005 3956 1104 4021 medii
1131 3956 1170 4021 11
1183 3954 1286 4022 tritici
1308 3959 1342 4021 et
1365 3957 1402 4018 11

214 4056 310 4120 medii
333 4076 441 4122 avone.

269 4229 288 4288 ¹)
315 4226 482 4282 Nauwurczr
499 4229 533 4281 in
552 4227 618 4280 cod.
640 4233 662 4280 1.

269 4309 289 4373 ²)
318 4310 447 4378 Waysser
465 4313 498 4366 in
517 4312 585 4366 cod.
605 4320 630 4365 2.

269 4399 280 4425 ³
318 4394 402 4448 Recte
420 4403 479 4450 661.
