2910 4896
1206 218 1281 287 ’136

88 429 143 493 pro
166 413 305 480 servicio
329 419 362 479 et
377 415 517 483 custodit
539 416 646 483 silvas.
670 419 752 484 Item
773 420 873 487 berna
892 422 1029 503 quilibet
1049 425 1162 491 laneus
1185 424 1282 490 solut

92 515 129 581 32
150 536 206 601 gn,
230 520 469 587 deleneiunales
493 524 573 603 lgr.
597 523 676 588 Item
700 523 837 603 quilibet
859 525 973 592 laneus
995 528 1093 593 solvit
1114 529 1280 593 annuatim

97 619 168 687 Inoa
188 624 297 704 pullos
320 629 354 688 et
377 625 420 690 10
434 642 503 691 ova.
527 626 609 690 Item
628 627 766 707 quilibet
787 629 900 694 laneus
915 648 973 710 pro
989 631 1136 697 omnibus
1158 630 1280 697 rubetis

100 724 177 806 lgr.
200 727 283 792 ltem
305 728 422 809 recipit
443 727 634 820 burgravius
651 750 762 797 omnes
785 733 907 813 culpas,
932 735 1158 815 exceptisque
1181 734 1280 814 respi-

103 829 177 895 tiunt
198 830 478 898 subcamerarium.

53 932 56 965 ²
188 934 460 1019 Zaboatyeze.
1284 966 1370 1008 aaa.

202 1037 289 1104 Villa
303 1038 499 1124 Zabuatyeze
521 1043 620 1109 babet
643 1044 682 1108 15
699 1045 819 1122 laneae,
844 1045 979 1125 quilibet
1001 1045 1100 1110 soluit
1117 1045 1284 1116 annuatim

107 1140 200 1222 lugu,
220 1144 264 1209 de
285 1143 402 1226 quibua
425 1148 488 1213 duo
512 1146 629 1211 silvani
642 1146 764 1212 babent
784 1166 883 1212 unum
904 1148 1033 1213 laneum
1050 1166 1110 1229 pru
1131 1148 1276 1215 serneio.

109 1241 170 1308 lten
189 1246 298 1329 berna,
332 1249 470 1330 quilibet
498 1251 611 1316 laneus
645 1252 743 1317 solvit
772 1252 814 1315 32
837 1270 894 1333 gn,
927 1252 1164 1318 deleneionalea
1187 1254 1205 1316 l
1228 1269 1276 1332 gr.

110 1345 169 1413 Item
188 1349 327 1417 iumalea
349 1352 391 1417 de
410 1354 555 1434 quolibet
569 1354 640 1420 loeo
664 1357 684 1420 6
699 1374 886 1438 vyeuenaes.
910 1355 992 1421 Item
1007 1356 1146 1437 quilibet
1162 1356 1276 1421 laneus

109 1451 184 1516 uoluit
209 1455 378 1521 annuatim
412 1459 432 1520 2
459 1457 576 1539 pullos,
609 1460 650 1525 10
680 1479 748 1524 ova.
802 1462 883 1525 Item
913 1461 953 1525 de
983 1460 1107 1526 rubetis
1140 1458 1277 1539 quilibet

109 1554 198 1623 luneua
217 1563 348 1625 tenetur
369 1561 475 1626 4dies
498 1565 620 1627 metere
643 1568 676 1628 et
699 1563 780 1631 duos
802 1564 872 1629 dies
894 1564 1002 1629 fenum
1024 1563 1144 1630 falcare
1168 1565 1201 1626 et
1222 1562 1276 1627 ule

109 1657 231 1729 mundo
252 1666 417 1729 exsiccare
439 1668 473 1729 et
495 1665 663 1731 abducere.
687 1668 768 1732 Item
792 1667 832 1733 de
848 1667 992 1747 quolibet
1010 1669 1103 1733 laneo
1126 1668 1277 1732 tenentur

109 1779 185 1833 unum
205 1769 293 1833 ulem
314 1786 417 1832 arene.
462 1768 545 1833 Item
567 1773 718 1834 tenentur
746 1771 786 1834 de
820 1770 965 1852 quolibet
986 1772 1079 1835 laneo
1103 1770 1144 1833 ad
1167 1768 1276 1833 natale

109 1861 205 1935 lunai
227 1889 328 1935 unum
351 1890 479 1935 eumum
503 1869 690 1954 [lignorum]
714 1873 832 1938 ducere
854 1878 887 1939 et
902 1893 1000 1938 unum
1016 1873 1101 1937 diem
1117 1873 1158 1936 ad
1180 1889 1275 1937 vena-

108 1969 208 2040 cimem
231 1976 397 2040 annuatim
421 1976 567 2039 transire.
613 1978 694 2040 ltem
725 1978 766 2040 ad
800 1976 1040 2043 edificacionem
1069 1979 1220 2042 tenentur
1240 1974 1275 2037 in

107 2076 413 2160 bengnamque.

187 2183 364 2266 Byetuu.

185 2285 271 2352 Villa
293 2285 424 2368 Byetew
457 2286 555 2352 babet
586 2288 623 2351 11
656 2288 776 2368 laneae,
810 2288 946 2369 quilibet
979 2289 1076 2354 solvit
1108 2286 1275 2354 annuatim

106 2384 136 2451 32
152 2408 204 2471 ga,
226 2390 268 2456 de
292 2390 408 2471 quibus
430 2390 682 2472 provieiunariuu
700 2391 830 2458 Marsae
861 2391 960 2458 habet
981 2393 1062 2459 duos
1085 2393 1195 2459 laneos
1217 2410 1274 2473 pre

106 2494 220 2560 serneio
244 2499 279 2559 et
306 2495 407 2560 servit
436 2514 508 2561 cum
530 2495 659 2561 balista.
706 2496 787 2561 Item
821 2515 920 2561 unum
956 2499 1102 2578 quartale
1136 2496 1277 2563 aeerevit

105 2592 170 2662 cirea
190 2599 407 2665 molendinum
430 2604 464 2662 et
486 2599 582 2663 solvit
606 2598 770 2663 annuatim
795 2602 814 2663 8
845 2617 890 2679 gu.
913 2599 1000 2664 Item'
1019 2600 1120 2665 berna
1139 2599 1277 2678 quilibet

105 2696 194 2768 laneus
217 2702 316 2767 solvit
338 2703 379 2767 32
403 2721 461 2783 gn,
484 2703 720 2767 delenciunalea
745 2704 761 2765 1
786 2721 832 2783 gr.
871 2703 953 2767 Item
976 2703 1113 2769 fumalea
1135 2704 1175 2768 de
1198 2721 1277 2784 quo·

104 2798 166 2870 libet
183 2804 256 2874 loeo
281 2809 301 2872 6
324 2824 510 2888 vyenenaee.
555 2809 636 2871 Item
667 2805 805 2886 quilibet
837 2808 951 2872 laneus
984 2807 1082 2872 solvit
1111 2808 1276 2872 annuatim

104 2905 235 2991 intebea,
260 2912 303 2975 10
317 2926 387 2974 eva.
411 2912 493 2976 Item
516 2915 666 2976 tenentur
687 2911 728 2975 de
744 2909 888 2991 quolibet
910 2912 1003 2976 laneo
1025 2910 1132 2976 ldies
1155 2914 1276 2974 metere

103 3013 129 3074 u
142 3013 219 3080 que
247 3013 320 3079 dIee
354 3013 463 3079 lenum
492 3014 622 3096 saltare,
658 3015 820 3080 exsiccare
853 3019 887 3079 et
916 3013 1076 3080 abducere
1108 3018 1143 3078 et
1177 3031 1274 3077 unum

103 3112 168 3184 ben
189 3138 292 3185 arare.
337 3118 419 3184 Item
448 3119 586 3200 quilibet
614 3121 728 3186 laneus
757 3123 886 3184 tenetur
915 3119 1001 3183 eirea
1022 3119 1130 3182 natale
1153 3115 1274 3181 Christi

103 3218 180 3287 uuum
202 3239 333 3288 currum
363 3221 523 3303 lignorum
556 3223 673 3288 ducere
707 3226 741 3286 et
771 3241 829 3303 pre
863 3219 1070 3287 edificacione
1101 3219 1200 3286 castri
1232 3220 1274 3283 ad

103 3326 268 3393 munaum
301 3326 467 3408 burgravii
499 3330 649 3392 tenentur
682 3327 771 3407 ligna
791 3328 918 3392 ducere.
963 3326 1045 3391 Item
1068 3344 1165 3390 unum
1188 3324 1275 3389 dlem

103 3426 394 3497 unenmrtransne
417 3432 457 3495 ad
481 3432 689 3497 venacionem
711 3431 887 3495 annuaIIm.

185 3533 373 3601 Suanow.

185 3638 274 3705 Villa
295 3635 425 3705 Sranow
448 3639 529 3704 alias
551 3636 676 3721 Hrotyn
697 3637 797 3704 habet
829 3639 849 3702 6
871 3639 992 3718 laneos,
1016 3637 1155 3719 quilibet
1177 3635 1273 3704 solvit

107 3743 251 3809 anuum
273 3743 316 3809 32
332 3761 378 3825 gr.
412 3744 493 3808 Item
507 3743 606 3808 berna
628 3742 767 3824 quilibet
781 3743 893 3807 laneus
915 3741 1012 3806 solvit
1026 3743 1068 3806 32
1083 3761 1140 3823 gu,
1164 3743 1273 3806 delen-

106 3838 224 3913 clenalea
249 3848 266 3910 1
292 3865 338 3928 gr.
362 3849 443 3912 Item
466 3848 601 3912 lumales
624 3846 664 3910 de
688 3845 832 3926 quelibet
853 3845 924 3911 Ioco
948 3846 1160 3910 bvieneneee
1190 3845 1271 3909 Ite1n

107 3946 218 4021 quilibet
231 3950 347 4016 laneus
363 3951 460 4016 solvit
475 3951 641 4015 annuatim
656 3951 677 4014 2
692 3948 808 4030 pullen,
834 3950 875 4012 10
890 3966 959 4012 ova.
982 3949 1064 4013 Item
1087 3949 1126 4012 (le
1148 3947 1272 4013 rubetis

107 4043 290 4134 dequonbet
311 4057 405 4120 laneo
427 4060 578 4121 tenentur
608 4059 729 4120 metere
762 4055 784 4117 4
817 4053 886 4119 dies
909 4053 1074 4118 annuatim
1107 4057 1142 4115 et
1163 4051 1271 4116 fenum

108 4144 167 4220 dtu
184 4158 253 4226 dies
276 4159 407 4240 saltare,
439 4159 602 4225 exsiccare
633 4161 666 4222 et
695 4157 855 4223 abducere
885 4160 919 4221 et
941 4175 1039 4221 unum
1061 4155 1145 4221 diem
1169 4173 1270 4220 arare.

110 4246 167 4323 lien
184 4266 334 4331 tenentur
356 4280 414 4344 pro
436 4261 572 4328 edificiis
594 4263 683 4342 ligna
697 4262 813 4327 ducere
836 4265 870 4326 et
885 4278 983 4326 unum
999 4259 1084 4324 diem
1106 4259 1272 4324 annuatim

56 4376 59 4419 t
111 4354 352 4435 alienationem
374 4365 523 4432 transire.
560 4367 642 4432 Item
665 4367 705 4430 de
729 4365 876 4446 quolibet
897 4366 990 4431 laneo
1014 4368 1165 4431 tenentur
1187 4362 1272 4429 cinea

56 4484 60 4527 ;
110 4465 188 4535 uun
201 4470 324 4539 (imitati
348 4489 446 4536 unum
470 4489 597 4535 cunum
622 4468 809 4553 [lignorum]
833 4469 959 4534 ducere.
