2910 4896
185 196 249 267 298

183 405 310 472 thorali.
356 404 418 482 Qui
441 405 570 486 quidem
591 404 755 471 lohannes
779 409 812 471 et
834 402 1041 487 Margaretha
1071 423 1091 470 a
1112 420 1163 471 me
1185 401 1283 470 veluti
1299 400 1355 487 juro

184 511 350 592 dederunt,
369 510 432 575 rite
447 527 485 573 ae
500 509 740 575 racionabiliter
751 513 999 592 acceptaverunt
1011 513 1045 574 et
1056 514 1266 592 susceperunt
1279 507 1354 595 [ean]

183 632 241 696 pro
264 633 300 680 se
320 614 402 696 ipsis
434 614 588 679 ambobus
622 618 655 678 et
677 614 850 680 heredibus
885 633 923 679 ac
953 615 1193 680 successoribus
1216 613 1280 680 suis
1300 612 1355 676 uni·

183 719 284 784 versis
307 719 348 783 ad
370 718 559 799 habendam,
584 719 765 799 tenendam,
799 719 998 783 vendendam
1032 723 1066 783 et
1084 719 1158 800 jure
1180 715 1353 781 hereditario

185 840 222 888 ac
243 823 455 905 proprietario
478 819 696 887 utifruendam
717 810 841 887 necnon
871 823 905 887 in
927 827 1120 904 perpetuum
1142 821 1264 902 absque
1283 821 1354 901 iope

184 927 325 992 dimcnto
349 926 493 1008 quolibet
513 925 646 1007 pacifice
661 927 897 1007 possidendam.
921 927 959 990 ln
975 928 1066 992 cuiue
1088 927 1137 991 rei
1158 923 1354 991 testimonium

183 1031 324 1112 sigillum
346 1031 494 1112 magistri
516 1031 677 1096 monrium
699 1031 866 1096 vinearum
888 1030 1092 1112 presentibus
1115 1034 1167 1094 est
1189 1045 1353 1111 appensum.

181 1135 302 1199 Datum
335 1153 418 1200 anno
452 1133 574 1202 domini
606 1131 836 1214 M⁰cec⁰xc⁰,
870 1134 952 1200 feria
974 1134 1022 1198 lll
1051 1138 1126 1199 ante
1158 1132 1276 1198 festum
1302 1127 1355 1196 Soti

182 1237 303 1319 Egidii.

284 1342 565 1424 Privilegium
585 1341 861 1426 Wencneslay
880 1343 1065 1410 Kothass
1087 1347 1128 1408 et
1147 1336 1354 1408 Michaelis

182 1446 229 1511 de
253 1447 385 1511 Obore
409 1446 614 1526 seqnitur.
1017 1492 1020 1497 -

284 1548 441 1616 Noverint
455 1550 608 1632 universi,
632 1551 718 1632 quod
740 1570 800 1633 ego
816 1551 945 1618 Marcus
968 1554 1008 1618 de
1023 1550 1136 1633 Longa
1156 1550 1272 1633 platea,
1294 1545 1355 1612 civis

181 1653 313 1719 Maioris
337 1653 477 1719 civitatis
492 1655 664 1736 Prageneis
687 1673 724 1718 ae
746 1655 901 1736 magister
923 1655 1084 1720 moncium
1105 1655 1270 1720 vinearum
1290 1666 1357 1716 nove

180 1757 393 1840 plantacionie
427 1760 546 1824 circum
576 1758 713 1840 Pragam
746 1763 780 1823 et
812 1760 1017 1825 circumcirca
1045 1764 1114 1824 toto
1147 1758 1182 1823 in
1216 1757 1355 1830 districtu,

179 1866 291 1927 tenore
313 1864 515 1944 presencium
538 1863 666 1943 publice
689 1880 892 1944 recognosco,
928 1864 1003 1944 quia
1024 1863 1186 1929 discretus
1208 1862 1258 1925 vir
1278 1857 1357 1922 Wen·

179 1967 323 2031 eaeslaus
345 1966 487 2032 Kothase
511 1971 542 2031 et
565 1967 667 2047 Anno,
697 1984 778 2031 uxor
807 1967 877 2031 eius
899 1966 1068 2047 legittima,
1099 1984 1208 2031 eoram
1229 1982 1281 2030 me
1300 1979 1358 2044 per·

180 2069 335 2135 sonaliter
358 2070 526 2135 constituti
547 2075 802 2151 recognoverunt
832 2075 865 2135 et
887 2075 1000 2152 sponte
1029 2070 1161 2152 propria
1189 2067 1269 2134 fassi
1288 2067 1357 2140 sunt,

179 2175 264 2253 quod
286 2174 411 2238 vineam
432 2174 587 2256 ipsorum,
622 2175 718 2240 sitam
749 2173 784 2238 in
818 2175 981 2241 montibus
1015 2173 1204 2241 monasterii
1240 2170 1356 2236 Straho·

179 2277 307 2342 veiensis
329 2295 428 2358 penes
449 2279 576 2343 vineam
600 2277 754 2359 Stephani
776 2278 844 2343 Kut
877 2278 1011 2344 sartoris
1041 2297 1080 2344 ex
1101 2296 1166 2342 una
1189 2281 1223 2340 et
1244 2290 1357 2341 murum

179 2381 320 2446 civitatis
333 2387 425 2462 parte
441 2401 479 2446 en
495 2383 607 2463 altera,
622 2383 836 2448 vendiderunt
850 2402 907 2464 pro
923 2384 1028 2449 tribus
1043 2401 1148 2463 serag.
1167 2400 1212 2464 gr.
1225 2395 1360 2462 pragens.

179 2485 288 2550 denar.
312 2486 432 2551 eisdem
454 2485 489 2551 in
514 2491 583 2552 toto
618 2493 651 2552 et
685 2487 892 2570 integraliter
925 2487 1110 2569 persolutiS,
1146 2503 1243 2566 quam
1266 2498 1361 2550 coram

178 2608 229 2655 me
247 2591 336 2672 justo
351 2589 549 2654 vendicionis
564 2591 668 2674 tytulo
691 2591 778 2655 omni
793 2610 831 2656 eo
848 2591 930 2673 jure,
955 2591 1125 2673 sicutipse
1140 2589 1361 2656 Wenczeslaus

179 2694 298 2760 Kotass
322 2698 355 2758 et
376 2695 469 2759 Anka
491 2695 625 2760 eandem
656 2696 782 2760 vineam
813 2695 998 2761 habuerunt
1026 2697 1060 2760 et
1088 2697 1275 2775 tenuerunt,
1299 2708 1364 2775 pru·

180 2799 270 2864 denti
293 2797 362 2864 viro
385 2798 547 2882 Michaely
580 2801 619 2864 de
642 2799 751 2865 Obora
771 2816 872 2880 prope
896 2799 982 2864 Setm
1004 2799 1185 2865 Johannem
1206 2799 1243 2863 in
1265 2796 1365 2864 Obora

180 2908 212 2968 et
244 2902 403 2984 Eliaabet,
436 2902 529 2968 uxori
562 2922 620 2970 sue
654 2902 821 2985 legittime,
855 2903 1028 2969 heredibus
1063 2907 1096 2967 et
1129 2901 1365 2969 successoribus

178 3008 320 3088 ipsorum
342 3007 595 3089 resignaverunt.
640 3005 713 3084 Qua
733 3012 865 3090 propter
885 3007 956 3089 ipse
977 3007 1117 3072 Michael
1139 3010 1174 3072 et
1194 3004 1367 3082 Elinabeth,

178 3129 258 3177 uxor
290 3110 403 3193 ipsius,
433 3112 568 3177 heredes
603 3115 637 3175 et
670 3128 856 3177 sucessores
890 3128 1001 3177 eorum
1034 3111 1156 3177 habent
1189 3116 1225 3176 et
1253 3109 1367 3175 habere

179 3217 298 3282 debent
329 3208 506 3298 plenariam
537 3216 707 3280 licenciam
741 3219 774 3280 et
805 3220 1001 3296 potestatem
1034 3216 1212 3297 predictam
1246 3214 1369 3280 vineam

179 3320 333 3402 plantare,
356 3319 481 3400 utitrui,
505 3320 653 3400 vendere,
687 3319 840 3401 alienare,
879 3321 1033 3402 obligare,
1057 3325 1245 3387 conmutare
1268 3323 1303 3385 et
1324 3336 1369 3384 se·

180 3424 318 3489 cundum
346 3423 545 3489 voluntatem
576 3423 719 3503 ipsorum
753 3424 874 3506 absque
907 3410 1137 3506 impedimento
1171 3422 1319 3506 quolibet
1338 3423 1370 3486 in

178 3531 368 3611 perpetuum
390 3524 521 3608 pacifice
544 3526 717 3606 possidere.
741 3526 779 3591 In
802 3527 893 3592 euius
916 3528 964 3592 rei
986 3527 1207 3592 testimonium
1230 3526 1370 3610 sigillum

178 3633 327 3714 magistri
346 3630 507 3697 monrium
530 3629 696 3694 vineamm
720 3630 924 3711 presentibus
947 3636 998 3696 eet
1020 3649 1207 3713 appensum.
1252 3630 1371 3696 Datum

181 3755 265 3803 anno
282 3736 405 3804 domini
418 3733 577 3800 milesimo
593 3731 840 3816 OGGO⁰prima
860 3733 942 3801 feria
952 3735 990 3802 V.
1009 3737 1044 3801 in
1056 3741 1169 3802 octava
1179 3733 1370 3819 Epiphania.

282 3840 568 3922 Privilegium
590 3839 707 3905 Petri
736 3839 818 3904 Nos
849 3844 890 3904 et
918 3838 1186 3906 Wenczeslai
1208 3838 1370 3921 Huzwy·

180 3949 280 4014 caira
303 3965 431 4031 super
452 3945 585 4012 vinea.
1046 3950 1049 3955 '

86 4080 109 4122 r.
122 4079 169 4126 aa.
285 4053 443 4118 Noverint
464 4049 617 4132 universi,
640 4051 725 4133 quod
741 4067 800 4132 ego
815 4040 1018 4134 Augustinus
1033 4049 1271 4133 apothecarius,
1296 4045 1373 4114 civis

179 4155 314 4223 Maioris
336 4156 477 4222 civitatis
490 4155 662 4237 Pragensis
683 4174 722 4220 ac
743 4156 897 4238 magister
918 4155 1078 4222 moncium
1100 4156 1269 4221 vinearum
1291 4171 1371 4218 nove

179 4259 392 4344 plantacionie
423 4260 541 4325 circum
565 4259 700 4340 Pragam
734 4265 767 4324 et
801 4259 1008 4326 circumcirca
1040 4263 1108 4326 toto
1142 4260 1177 4324 in
1209 4258 1370 4343 districtu,

179 4382 374 4446 recognosco
396 4367 506 4429 tenore
529 4364 730 4445 presencium
744 4365 905 4431 universis
919 4364 1049 4447 publice
1067 4367 1263 4446 protestans,
1287 4359 1372 4445 quod

181 4467 375 4535 constitutus
396 4469 610 4549 personaliter
642 4486 750 4533 coram
782 4488 833 4534 me
866 4469 1025 4536 discretus
1058 4470 1109 4534 vir
1139 4467 1255 4534 Petrus
1277 4467 1370 4545 Noas,
