2910 4896
191 164 254 231 254

234 379 315 444 Item
330 378 495 444 Jakubecz
510 377 610 442 habet
628 373 666 461 ¹s,
684 377 746 443 lan.
855 376 1180 467 ltemUWelykhabet
1197 379 1212 441 1
1231 378 1321 458 quart.

232 483 314 547 Item
331 480 518 548 Gierziezek
533 482 605 547 hab.
624 483 759 562 lquart.
857 481 937 548 Item
961 481 1128 548 thaberna.

293 584 575 669 Privilegium
599 584 713 652 dicte
735 586 839 653 ville
861 585 1001 652 Patek.

290 690 327 755 In
344 689 472 755 nomine
488 690 618 755 domini.
642 689 753 756 Amen.
778 690 936 771 Quoniam
951 690 1089 757 humane
1104 687 1289 772 fragilitatis
1301 706 1355 755 eon-

188 792 273 859 dieio
288 794 400 876 nequit
415 795 521 862 omnia
536 794 722 861 memoriter
736 795 886 877 retinere,
901 793 1029 861 videtur
1053 791 1144 877 utile,
1160 811 1321 861 consonum
1331 794 1356 857 et

84 921 106 961 r.
121 923 165 964 ιη
187 917 330 979 necesse,
345 904 383 963 ut
397 917 445 978 ea,
462 917 523 981 que
538 900 578 964 ab
595 898 780 966 hominibus
794 896 939 965 notanda
952 902 1119 980 geruntur,
1135 899 1354 983 scripturepre-

187 1001 269 1067 sidio
293 1001 360 1067 sive
380 1003 512 1068 testium
527 1003 733 1069 amminiculo
748 1005 940 1072 roborentur
955 1003 997 1067 ad
1011 1006 1177 1087 gestorum
1192 1002 1356 1069 memoriam

187 1105 425 1187 sempiternam.
470 1105 554 1173 Hinc
576 1112 637 1187 est,
670 1107 756 1190 quod
777 1124 836 1172 nos
859 1105 1036 1187 Corradus,
1070 1105 1124 1171 dei
1145 1110 1182 1171 et
1202 1103 1356 1191 apostolice

186 1209 273 1276 sedis
296 1209 503 1292 providencia
517 1211 630 1293 abbas,
653 1210 830 1279 Mauricius
852 1212 950 1293 prior,
973 1210 1089 1276 Petrus
1105 1210 1266 1295 supprior,
1287 1208 1356 1277 cin·

186 1333 295 1381 ramus
318 1314 503 1395 celerarius,
534 1313 663 1394 Sbineo,
692 1320 798 1380 rector
821 1315 944 1396 capelle
965 1312 1034 1380 Soti
1054 1312 1207 1397 Erhardi,
1237 1312 1356 1380 Jacobus

185 1418 396 1501 pitanciarius
430 1422 582 1501 totusque
615 1423 790 1485 conventus
824 1418 1013 1485 monasterii
1042 1416 1164 1485 Montis
1187 1416 1273 1503 Syon
1293 1417 1357 1483 alias

183 1522 428 1588 strahowiensis
461 1542 560 1605 prope
583 1523 719 1605 Pragam
742 1522 865 1589 ordinis
887 1522 1197 1589 Premonstratensis
1230 1527 1295 1587 tarn
1325 1518 1357 1585 ad

185 1626 386 1708 presencium
420 1643 514 1707 quam
544 1626 726 1693 futurorum
748 1626 902 1691 noticiam
925 1626 1072 1693 volumus
1095 1626 1257 1709 devenire,
1289 1626 1357 1707 quod

184 1731 352 1813 cupientes
373 1730 490 1813 prefati
512 1731 700 1797 monasterii
720 1731 823 1797 nostri
838 1730 1060 1799 condicionem
1076 1730 1184 1796 facere
1199 1729 1356 1805 meliorem,

183 1834 294 1900 habito
317 1834 402 1900 inter
423 1854 483 1901 nos
506 1839 645 1901 tractatu
668 1839 702 1901 et
724 1835 859 1902 consilio
892 1834 1050 1917 diligenti,
1085 1853 1124 1901 ex
1146 1838 1236 1901 certa
1267 1835 1358 1900 nostra

185 1937 326 2004 sciencia
340 1939 450 2005 villam
467 1944 611 2005 nostram
625 1939 729 2005 Patek
747 1938 945 2005 nominatam
965 1939 1153 2022 locavimus,
1175 1936 1358 2004 vendidimus

185 2046 220 2108 et
251 2044 458 2124 exposuimus
487 2044 561 2126 jure
595 2043 824 2127 emphiteotico
859 2043 928 2109 sive
962 2042 1060 2125 civili,
1095 2044 1184 2127 qnod
1215 2040 1358 2125 vulgariter

184 2146 359 2227 poddeezie
382 2148 462 2214 alias
483 2146 672 2214 Kauffreeht
692 2149 886 2231 nominatur,
920 2147 1104 2214 hominibus
1126 2148 1257 2229 nostris,
1287 2142 1357 2209 vide·

183 2250 262 2315 lieet
273 2250 479 2333 Venereslao,
494 2251 665 2336 Michasly,
680 2251 880 2334 Barthossio,
896 2251 1057 2335 Hodkoni,
1073 2250 1208 2332 Mathis,
1220 2242 1356 2321 Benkoni,

184 2354 364 2436 Maezkoni,
380 2352 551 2439 Stephano,
567 2357 760 2438 Rzehaeoni,
776 2356 960 2438 Anthiconi,
975 2354 1143 2438 Mauricio,
1156 2352 1356 2427 Wencaeslee

184 2458 363 2541 Maczkoni,
386 2459 542 2541 Buzkoni,
566 2461 717 2543 Stiborio,
740 2460 901 2544 Hodkoni,
923 2462 1034 2535 Paule,
1050 2459 1269 2543 Pienicrkoni,
1286 2456 1356 2525 Jesc·

183 2564 271 2645 koni,
294 2563 443 2646 Jenkoni,
467 2564 596 2647 Barthe,
620 2565 752 2648 Jacobo,
775 2566 888 2647 Paulo,
911 2564 1034 2633 Mathis
1058 2570 1092 2631 et
1113 2584 1228 2632 eorum
1248 2556 1355 2630 herod-

183 2669 244 2733 bus
267 2687 305 2734 ac
327 2669 481 2735 heredum
505 2688 615 2735 eornm
638 2670 877 2738 successoribus
899 2675 934 2736 et
955 2667 1104 2753 posteris.
1151 2668 1221 2749 Quo
1247 2664 1355 2755 quidem

182 2770 261 2837 villa
282 2776 373 2838 tenet
393 2776 427 2837 et
447 2774 546 2840 habet
564 2775 728 2842 181aneos
750 2777 791 2841 de
807 2793 888 2840 novo
910 2778 1125 2853 mensuratos,
1148 2771 1284 2855 quilibet
1295 2779 1355 2833 vero

182 2874 295 2944 laneus
318 2881 408 2945 tenet
422 2880 456 2943 et
469 2877 568 2944 babet
590 2897 629 2945 ac
650 2877 738 2962 capit
762 2880 802 2943 72
821 2879 938 2961 jugera
960 2877 1030 2945 sive
1044 2876 1236 2943 strichones.
1260 2874 1354 2957 Quen·

183 2983 265 3049 libet
287 2988 394 3049 autem
423 2984 553 3050 laneum
575 2981 777 3049 vendidimus
805 3001 863 3063 pro
889 2984 930 3049 10
952 3000 1024 3048 eum
1054 2980 1162 3045 media
1191 2996 1295 3061 sexag.
1320 2989 1354 3057 p.

184 3105 331 3168 pragens.
363 3088 436 3171 jure
469 3087 665 3154 hereditario
700 3088 742 3152 ab
765 3085 813 3151 eis
836 3088 870 3150 et
891 3084 1038 3168 quolibet
1070 3102 1183 3149 eorum
1220 3082 1356 3168 perpetue

181 3190 394 3274 possidendos
423 3210 496 3258 cnm
527 3190 711 3266 structuris,
745 3188 904 3270 domibus,
938 3187 1041 3271 aquis,
1075 3187 1196 3269 pratis,
1230 3184 1307 3253 ortis
1333 3182 1358 3247 et

183 3296 313 3377 pascuis
345 3294 480 3361 inferius
503 3293 694 3374 subnotatis,
729 3293 816 3374 agris
850 3292 945 3358 cultis
968 3296 1002 3358 et
1022 3290 1168 3373 incultis,
1200 3284 1359 3362 montibus,

185 3398 322 3466 collibus
345 3417 383 3465 ec
405 3398 556 3478 vallibus,
578 3397 683 3478 metis,
711 3394 982 3464 circumferenciis
1005 3399 1039 3461 et
1060 3394 1222 3467 limitibus
1244 3411 1282 3481 ae
1301 3406 1361 3463 cun

185 3502 272 3568 omni
293 3503 458 3569 voluntate
482 3506 516 3568 et
536 3501 699 3581 libertate,
734 3501 851 3582 quibus
883 3499 988 3567 incole
1022 3498 1109 3566 dicte
1129 3498 1209 3565 ville
1231 3497 1271 3563 ab
1293 3491 1363 3567 anti·

184 3625 248 3689 quo
271 3610 305 3671 et
326 3625 450 3673 exnunc
471 3606 644 3673 utebantur
666 3609 700 3673 et
720 3603 918 3686 fruebantur,
941 3602 1054 3673 eodem
1072 3603 1147 3685 jure
1169 3608 1207 3669 et
1225 3596 1386 3669 libertate¹

184 3716 219 3777 et
239 3711 406 3777 voluntate
428 3709 509 3777 dicti
529 3708 675 3777 homines
697 3708 801 3775 nostri
822 3712 856 3774 et
877 3726 987 3774 eorum
1009 3724 1215 3773 successores
1243 3702 1294 3771 uti
1320 3704 1366 3771 da-

183 3815 263 3883 bent
284 3819 318 3881 et
337 3815 486 3883 fruentur
506 3813 710 3896 possessione
732 3812 767 3876 in
781 3811 893 3893 libera,
916 3806 1051 3892 pacifica
1064 3814 1100 3876 et
1113 3808 1236 3907 quieta,
1257 3808 1368 3877 talibus

184 3920 336 3989 videlicet
349 3919 592 3987 condicionibus
606 3916 804 3992 interclusis,
830 3914 916 3998 quod
938 3912 1077 3997 quilibet
1091 3912 1198 3981 cultor
1211 3914 1371 4001 laneorum

184 4025 401 4107 predictorum
424 4024 464 4090 de
487 4021 633 4104 quolibet
654 4021 748 4086 laneo
773 4018 877 4086 solvet
897 4016 991 4085 nobis
1006 4017 1254 4085 etmonasterio
1269 4020 1372 4107 nostro

185 4148 223 4195 ac
245 4128 485 4196 successoribus
504 4126 624 4193 nostris
643 4118 781 4205 singulis
803 4121 896 4189 annis
918 4123 1167 4203 inperpetuum
1189 4140 1249 4207 pro
1273 4138 1375 4211 annuo

186 4251 285 4299 censu
309 4232 349 4297 72
372 4250 418 4313 gr.
448 4248 597 4315 pragens.
628 4227 766 4308 divisim,
800 4227 835 4292 in
865 4224 949 4293 festo
979 4222 1009 4289 S.
1042 4220 1378 4309 carnetensis

186 4335 271 4402 festo
294 4335 325 4401 S.
350 4334 482 4417 Georgii
504 4332 649 4415 totidem,
684 4348 820 4412 quorum
842 4348 888 4413 gr.
923 4326 1092 4411 sexaginta
1123 4347 1185 4412 pro
1220 4348 1380 4419 sexagena

187 4443 422 4531 computantur.
454 4434 489 4502 si
509 4454 586 4501 vero
609 4433 715 4500 medio
736 4438 882 4515 tempore
904 4434 1034 4531 moneta
1054 4451 1101 4529 gr.
1123 4436 1256 4531 mutata
1276 4424 1387 4525 inerit,
