2894 4890
1210 214 1270 281 159

13 470 30 511 ¹-
168 423 261 490 Item
284 424 326 490 55
349 426 495 506 qualibet
526 427 705 494 hereditate
740 431 890 493 tenentur
911 429 1031 491 metere
1052 423 1074 488 4
1096 423 1209 490 515555
1232 424 1272 488 de

13 522 17 528 ’
65 546 187 611 messe,
214 548 282 611 que
307 534 440 595 vocatur
463 531 562 596 slron:

173 635 262 698 Item
287 638 438 701 tenentur
467 636 507 701 de
531 636 676 719 quolibet
705 636 884 702 hereditate
918 637 995 702 dare
1019 656 1075 718 pro
1099 638 1272 703 iurnalibus

84 754 131 820 per
151 741 173 806 8
196 756 357 821 parvos·

12 906 33 927 a
174 844 264 908 Item
287 846 439 910 tenentur
471 845 587 911 ducere
621 847 660 911 de
696 845 841 928 qualibet
874 846 1053 910 hereditate
1087 863 1143 926 per
1174 864 1271 911 unum

85 964 205 1014 currum
230 949 393 1030 lignorum
417 951 458 1014 ad
480 951 691 1017 Nativitatem
714 951 844 1017 domini.

176 1054 264 1119 Item
286 1052 413 1119 Marzik
428 1053 595 1121 Hrabiesie
617 1056 715 1119 habet
733 1055 852 1120 ibidem
868 1055 1081 1120 hereditatem
1103 1054 1273 1135 feodalem,

86 1156 119 1220 de
139 1175 205 1238 qua
230 1156 329 1224 solvit
351 1156 483 1239 Georgii
508 1155 566 1241 1¹l2
592 1177 732 1223 marcam
755 1164 789 1222 et
811 1158 896 1223 Galli
923 1156 982 1245 l¹l2
999 1178 1138 1226 marcam
1160 1166 1194 1224 et
1215 1178 1273 1241 pro

10 1284 32 1349 5
85 1258 255 1327 iemalibus
273 1263 299 1328 8
321 1279 439 1344 parvos
461 1267 496 1328 et
517 1264 651 1328 bernam
674 1263 825 1343 regalem.

17 1418 30 1448 Γ
177 1363 315 1431 Summa
336 1384 452 1432 census
484 1384 544 1448 pro
577 1386 640 1431 uno
675 1367 811 1434 termino
846 1370 996 1450 bsexag.
1027 1371 1069 1435 52
1092 1388 1137 1451 gru
1162 1372 1195 1433 et
1216 1386 1274 1450 pro

85 1470 221 1537 secundo
243 1471 383 1537 termino
407 1471 428 1535 5
450 1488 556 1552 sexag.
581 1472 623 1536 52
648 1491 693 1553 gr.

176 1574 313 1642 Summa
336 1575 538 1658 eapeeiarrun
562 1576 627 1641 320
649 1582 681 1640 et
703 1577 828 1642 dierum
850 1577 900 1643 32.

178 1679 316 1747 Summa
337 1678 497 1760 pellerem
520 1677 562 1743 32
585 1684 620 1744 et
641 1697 796 1744 aucarum
820 1680 849 1744 8.

176 1784 315 1853 Summa
337 1800 437 1850 avene
459 1785 503 1850 24
526 1784 635 1850 strieh.

177 1890 314 1957 Summa
334 1888 504 1955 fumalium
528 1891 547 1954 6
571 1908 617 1970 gr.
642 1891 661 1955 8
685 1892 785 1972 parvi.

175 1994 297 2061 Villa
319 1994 469 2060 Ituzen.

175 2100 217 2166 In
240 2098 327 2166 willa
348 2099 461 2165 Ituzen
484 2099 573 2165 omia
596 2118 668 2165 cum
691 2100 874 2165 municione
908 2104 941 2163 et
964 2101 1105 2181 quinque
1129 2103 1275 2164 araturas

76 2209 108 2269 et
130 2202 233 2270 solvit
255 2220 313 2284 pro
337 2203 459 2269 deceno
482 2202 516 2268 in
534 2203 660 2285 Lybocz
685 2205 724 2268 de
744 2203 852 2268 tritico
869 2205 932 2268 duo
952 2204 1091 2284 5555515,
1115 2203 1154 2267 55
1178 2204 1274 2266 ordeo

75 2309 138 2375 deo
161 2307 299 2391 capecia
323 2312 356 2373 et
378 2308 418 2373 55
437 2324 539 2373 avena
561 2308 624 2373 duo
648 2309 778 2389 5555515
808 2310 902 2373 etde
925 2308 1005 2390 51515
1032 2327 1130 2372 unum
1153 2311 1273 2387 eapete.

175 2414 262 2479 Item
284 2411 320 2477 in
354 2413 466 2478 eadem
500 2411 579 2477 villa
612 2418 688 2478 sunt
721 2412 919 2478 hereditates
951 2414 1002 2492 23,
1037 2430 1172 2492 quarum
1195 2411 1275 2476 duas

71 2523 189 2585 tenent
213 2516 399 2598 servitores,
423 2516 575 2589 videlieet
598 2537 694 2585 uuam
718 2536 814 2584 cocus
839 2517 1023 2582 Kozloween
1045 2520 1080 2580 et
1102 2515 1275 2581 secundam

70 2627 186 2691 vector
210 2619 385 2687 Martinus.
520 2657 523 2663 ·

174 2728 263 2793 Item
284 2724 473 2793 Konlovecz
495 2727 593 2794 habet
627 2743 722 2809 agros
756 2727 843 2793 circa
872 2726 1028 2806 piscinam
1063 2724 1125 2790 sibi
1148 2724 1275 2790 additos

66 2855 106 2900 ex
132 2832 251 2916 gracia
273 2829 396 2897 domini
418 2831 554 2912 abbatis,
579 2848 658 2912 ques
681 2833 771 2895 tenet
794 2831 835 2894 ed
858 2830 1057 2895 voluntatem
1081 2829 1234 2895 eiusdem.

175 2937 265 3002 Item
286 2935 328 3000 de
351 2936 504 3017 qualibet,
539 2934 690 3001 videlicet
713 2935 753 2999 21
782 2934 961 2998 hereditate
986 2935 1115 2999 solvunt
1136 2933 1170 2996 in
1194 2931 1275 2998 leste

66 3062 91 3110 s.
121 3039 265 3122 Georgii
288 3038 331 3105 25
354 3057 399 3121 gr.
424 3044 457 3105 et
480 3038 567 3104 Galli
589 3039 631 3105 25
647 3058 693 3121 gr.

178 3146 266 3211 Item
289 3147 440 3210 tenentur
473 3144 513 3210 55
537 3142 682 3225 qualibet
712 3143 788 3208 dare
812 3142 853 3207 ad
875 3140 993 3206 festum
1018 3160 1043 3206 s.
1068 3138 1273 3220 Margarethe

63 3271 129 3335 per
151 3252 171 3316 1
197 3248 325 3331 pullum
345 3252 378 3313 et
397 3248 439 3313 ad
455 3246 573 3314 festum
590 3266 614 3313 s.
636 3247 787 3329 Dyonisii
807 3265 864 3327 per
881 3247 897 3310 1
915 3246 1037 3327 pullum
1054 3248 1087 3309 et
1102 3245 1143 3309 55
1158 3244 1276 3309 festum

69 3351 278 3421 Natiuitatis
301 3350 424 3418 domini
445 3371 503 3433 per
528 3353 543 3415 1
567 3351 701 3432 pullum,
736 3355 770 3416 et
793 3351 919 3432 quando
942 3353 1073 3432 portant
1095 3368 1227 3417 censum
1250 3368 1275 3414 s.

65 3459 177 3541 Galli,
202 3462 282 3522 tunc
296 3455 416 3523 debent
430 3455 507 3521 dare
530 3474 588 3536 per
611 3455 755 3537 2551155
772 3456 938 3522 censuales
962 3456 1100 3537 quilibet
1121 3455 1273 3536 ipsorum.

179 3561 266 3629 Item
283 3563 435 3626 tenentur
456 3560 497 3625 de
511 3559 656 3642 qualibet
670 3559 852 3625 hereditate
867 3565 988 3626 metere
1011 3579 1068 3641 per
1090 3559 1133 3624 50
1148 3559 1277 3639 5555515

67 3674 104 3734 et
127 3663 304 3751 quodlibet
325 3669 438 3746 tapete
460 3665 558 3731 debet
580 3665 657 3729 dare
680 3683 779 3729 unum
802 3665 913 3745 strieh,
938 3684 1010 3730 eum
1033 3663 1209 3728 trimlatur.
1270 3687 1277 3700 ·

182 3768 266 3835 Item
288 3767 408 3834 debent
440 3772 563 3835 metere
597 3770 637 3834 de
666 3768 811 3850 qualibet
845 3768 1028 3833 hereditate
1062 3786 1120 3848 per
1153 3770 1174 3832 6
1206 3767 1276 3832 5155

70 3892 227 3954 messem,
252 3890 314 3954 que
339 3873 420 3939 shon
442 3874 568 3940 dicitur.

180 3979 265 4044 Item
288 3978 407 4045 debent
429 3979 470 4044 de
502 3978 646 4060 qualibet
675 3979 857 4044 hereditate
887 3978 1004 4043 ducere
1026 3995 1085 4058 per
1109 3978 1124 4040 l
1150 3995 1275 4041 comum

77 4087 118 4152 de
140 4083 245 4167 lignis
270 4082 313 4149 55
333 4084 567 4150 monasterium
591 4085 632 4150 55
653 4084 866 4149 Nativitatem
890 4082 1020 4146 domiui.

179 4188 263 4254 Item
287 4187 406 4253 debent
420 4189 460 4254 de
484 4188 629 4270 quelibet
643 4188 824 4253 hereditate
848 4187 965 4251 ducere
989 4186 1030 4250 ad
1046 4184 1276 4250 monasterium

78 4293 117 4358 de
141 4291 235 4360 curia
255 4291 367 4357 Ruzen
390 4293 433 4360 24
455 4293 634 4358 strichones
656 4292 818 4357 frumenti.

184 4392 268 4461 Item
290 4395 332 4461 de
366 4396 512 4478 quelibet
545 4394 726 4463 hereditate
761 4394 880 4463 debent
913 4393 990 4460 dare
1025 4411 1082 4476 pro
1104 4393 1276 4460 funalibus

82 4515 136 4581 per
159 4499 181 4565 8
202 4514 329 4583 parvos.
