2894 4890
1185 205 1248 270 183

55 415 132 481 tinas
165 414 519 496 11111112111111;
549 414 612 479 doe
647 431 723 479 sero
756 413 955 478 hereditates
988 412 1117 476 solvunt
1150 430 1206 490 per
1235 417 1246 474 l

54 519 148 583 finem
174 518 330 600 siliginis,
352 537 411 600 per
433 519 453 581 2
475 517 561 583 tinas
584 536 694 596 avene,
717 536 774 598 per
797 517 816 580 2
839 516 954 596 pullos.

145 625 237 689 Item
258 627 414 689 tenentur
435 623 560 688 solvere
583 620 718 702 Georgii
739 618 800 704 2¹),
827 638 874 700 gr.
898 624 932 684 11
954 619 1042 683 Galli
1064 619 1125 700 Pl,
1147 639 1193 700 gr.

143 728 232 794 Item
256 727 401 808 quelibet
422 727 587 792 hereditas
611 725 709 790 solvit
731 740 787 804 pro
810 723 984 789 iemalibus
1008 726 1028 786 e
1051 740 1176 802 parvos.

146 832 235 897 Item
257 831 405 913 quelibet
426 829 589 896 hereditas
612 828 708 893 debet
726 831 847 892 metere
871 845 928 907 per
951 827 993 890 20
1012 828 1169 906 capecies,
1193 827 1250 891 sed

49 931 131 998 Crux
154 953 235 999 cum
256 934 399 1001 Henrioo
422 953 480 1015 per
501 934 545 998 40
567 932 724 1014 oopecias.

149 1038 289 1104 Summa
309 1056 427 1104 census
450 1036 583 1118 Georgii
604 1037 689 1117 orb,
716 1055 773 1117 gr,
798 1034 884 1100 Galli
908 1037 1043 1099 tantum.

148 1140 286 1206 Summa
308 1143 349 1206 de
372 1141 455 1206 silva
470 1145 504 1204 et
524 1159 581 1221 pro
597 1139 730 1204 decimis
744 1141 784 1202 de
800 1136 928 1218 siligine
951 1141 971 1202 6
991 1138 1068 1217 1111,
1093 1138 1133 1201 de
1149 1156 1250 1202 evena

11 1304 14 1329 ,
52 1245 228 1309 duodecim
250 1244 320 1308 tine
344 1250 378 1309 et
403 1246 441 1310 12
466 1244 570 1325 pullos
593 1249 624 1306 et
649 1262 706 1323 pro
730 1242 903 1306 turmalibus
927 1245 947 1306 3
971 1262 1016 1322 gr.

11 1336 13 1359 ²
156 1347 293 1412 Summa
316 1348 518 1429 capecierum
543 1349 613 1410 1611.

154 1451 276 1516 Villa
299 1452 556 1517 Ziebrakow.

150 1555 190 1619 In
213 1555 293 1621 ville
315 1555 502 1620 Ziebrelrow
526 1559 601 1618 sunt
634 1555 654 1617 6
678 1553 885 1632 hereditates,
908 1561 942 1618 et
973 1557 1116 1636 orrelibet
1138 1574 1249 1620 earum

52 1659 149 1724 solvit
174 1657 309 1740 Georgii
333 1660 372 1725 18
395 1679 452 1740 gr,
477 1659 563 1724 Gelli
588 1661 628 1724 18
652 1678 709 1739 gr,
744 1664 778 1721 et
800 1659 945 1737 quelibet.
967 1659 1131 1723 hereditas
1155 1659 1251 1722 solvit

54 1763 199 1827 ltinam
223 1762 372 1844 siligInis,
407 1762 536 1826 3tinas
567 1781 666 1826 arene
692 1764 767 1825 113
790 1762 895 1841 pullos
927 1767 960 1824 et
986 1781 1043 1840 pro
1075 1761 1250 1825 iemalibus

57 1866 230 1947 Gparvos.

158 1970 242 2034 Item
266 1974 358 2034 sexta
380 1970 544 2034 hereditas
568 1969 666 2033 solvit
692 1970 794 2033 solum
820 1968 951 2049 Georgii
978 1969 1016 2033 14
1039 1987 1084 2049 gr.
1109 1971 1142 2031 et
1165 1967 1250 2032 Galli

57 2076 96 2138 13
119 2092 169 2156 gr.
191 2072 280 2158 [sio].

154 2179 237 2243 Item
260 2179 406 2259 quelibet
429 2179 593 2243 hereditas
626 2182 755 2241 tenetur
789 2183 909 2241 metere
939 2196 998 2257 per
1020 2178 1101 2242 duos
1124 2176 1193 2242 dies
1217 2177 1250 2241 in

56 2280 250 2347 hiemalibus
273 2287 308 2346 et
329 2282 410 2346 duos
433 2283 502 2346 dies
526 2281 559 2344 in
575 2281 762 2344 estivalibus
786 2286 819 2343 ct
843 2280 1055 2360 lsplawones
1075 2281 1187 2361 juvare
1211 2280 1251 2344 ad

57 2404 174 2468 aquam
197 2385 372 2466 imponere.

156 2489 289 2555 Summo
311 2507 428 2554 census
451 2508 476 2553 s.
501 2487 634 2569 Georgii
660 2484 718 2570 1¹l,
744 2506 850 2567 sesag.
884 2489 924 2553 14
947 2507 992 2569 gr.
1023 2494 1056 2552 et
1079 2488 1164 2553 Galli
1190 2485 1249 2572 Pl,

58 2613 163 2676 sexeg.
191 2594 232 2658 14
253 2612 301 2676 gr.

160 2695 293 2763 Summa
314 2699 356 2763 de
378 2698 462 2763 silva
491 2700 525 2761 11
547 2714 604 2777 pro
628 2695 761 2760 decimis
795 2697 834 2759 do
859 2695 987 2776 siligine
1022 2697 1042 2758 o
1065 2695 1133 2759 tine
1156 2700 1189 2758 et
1212 2696 1252 2759 de

58 2822 161 2868 avene
183 2803 226 2867 18
247 2802 315 2867 tine
338 2805 372 2866 et
396 2803 434 2866 18
457 2802 538 2882 pulli
561 2804 595 2867 et
615 2817 673 2880 pro
697 2799 871 2865 fumahbus
894 2805 914 2863 (5
936 2819 981 2880 gr.
1007 2800 1090 2879 [sio].
1122 2797 1253 2863 Summa

59 2907 177 2972 messis
200 2906 346 2973 2411111.

168 3008 475 3076 Gecalrowicae.
1266 3029 1346 3069 111.

162 3114 246 3179 Item
262 3113 385 3179 Yessek
399 3113 545 3177 Rzecalra
560 3111 692 3192 Georgii
715 3112 757 3175 60
779 3129 838 3190 ga,
862 3108 950 3172 Galli
972 3109 1015 3174 (10
1036 3127 1083 3190 gr.
1100 3110 1250 3190 lpullos.

163 3217 246 3282 Item
261 3218 386 3284 Yessek
401 3215 572 3281 Prowazek
584 3215 716 3295 Georgii
739 3215 781 3280 60
800 3233 857 3295 gn,
882 3211 968 3277 Galli
991 3212 1036 3277 60
1046 3214 1250 3295 gaepuuos.

160 3321 243 3385 Item
258 3319 416 3387 Waozlaw
428 3320 565 3385 Mudrak
579 3321 598 3383 8
615 3337 661 3400 gr.
674 3318 809 3400 Georgii
823 3321 857 3382 et
872 3316 960 3381 Galli
975 3320 995 3383 8
1010 3335 1069 3398 gr,
1088 3321 1102 3382 1
1119 3317 1251 3398 pullum.

163 3424 246 3489 Item
260 3423 419 3491 Waozlaw
431 3423 566 3489 Ghitralr
579 3423 714 3504 Georgii
729 3423 748 3486 8
765 3440 811 3504 gr.
828 3426 861 3486 et
877 3421 965 3487 Galli
981 3438 1070 3504 ggr,
1089 3422 1251 3503 lpullum.

162 3528 245 3594 Item
269 3527 408 3594 Swatoss
431 3526 563 3609 Georgii
585 3524 647 3612 6¹l,
672 3545 719 3608 gr.
744 3530 777 3590 et
798 3526 884 3592 Galli
907 3522 969 3610 ol,
995 3545 1052 3607 gn,
1079 3527 1095 3591 1
1120 3526 1251 3606 pullum.

165 3633 246 3697 Item
269 3631 430 3698 Martinus
454 3631 558 3697 Chlud
582 3632 715 3712 Georgii
738 3632 759 3696 5
783 3652 828 3713 gr.
854 3635 886 3695 et
910 3630 997 3696 Galli
1020 3629 1040 3694 5
1064 3648 1109 3711 gr.

163 3736 246 3801 Item
269 3737 395 3803 Dobess
418 3737 457 3801 da
480 3736 637 3802 Zwickow
661 3732 798 3816 Georgii
817 3736 836 3799 2
860 3753 906 3815 gr.
930 3738 964 3798 et
987 3733 1074 3799 Galli
1097 3734 1117 3796 2
1140 3752 1186 3815 gr.

165 3840 247 3906 Item
270 3842 396 3923 quando
419 3840 580 3923 generalis
603 3841 703 3907 berna
725 3840 759 3903 iu
774 3842 844 3903 tota
858 3844 947 3903 terra
968 3838 1154 3918 imponitur,
1178 3840 1254 3900 tune

61 3942 189 4009 Reozka
211 3949 245 4009 et
260 3943 429 4010 Powrazek
447 3964 505 4026 per
527 3950 540 4008 l
564 3962 669 4025 sexag.
689 3945 841 4009 tenentur
859 3941 953 4024 dare,
972 3946 1007 4006 et
1029 3940 1152 4007 Sedralr
1167 3938 1253 4025 [slo],

62 4045 184 4130 Ghytra
206 4053 240 4113 et
262 4047 402 4114 Swotoss
437 4052 561 4114 tantum
585 4052 737 4113 tenentur
768 4047 855 4128 dare,
878 4049 1034 4128 quantum
1068 4064 1125 4127 pro
1156 4063 1254 4109 censu

62 4171 86 4216 s.
111 4151 201 4217 Galli
223 4152 362 4219 solvunt.

165 4254 249 4321 Item
272 4276 381 4324 omnes
403 4252 540 4339 predicti
562 4257 720 4327 homines
740 4258 891 4321 tenentur
921 4257 1071 4319 renatum
1104 4250 1253 4332 transire,

63 4361 191 4444 quando
215 4361 262 4426 eis
284 4363 464 4442 mandatur,
497 4362 553 4427 sed
586 4360 723 4442 pecunia
756 4380 813 4443 pro
847 4359 918 4438 ipsa
950 4353 1124 4420 venacione
1154 4355 1255 4435 recipi

62 4483 128 4531 non
150 4465 257 4533 dehet.
