2894 4890
135 217 209 293 1312

244 425 325 491 Item
348 442 407 506 pro
428 423 553 491 duobus
574 421 818 503 anniversariis,
839 422 967 488 seilicet
981 419 1155 487 Oleatriois
1177 425 1259 486 etro

143 529 213 595 eius
236 530 256 594 2
280 547 439 611 sexageno
472 529 512 593 de
535 528 642 609 bursa,
677 526 778 593 donec
807 545 866 610 pro
897 526 946 592 eis
980 525 1147 591 solventur
1168 525 1211 591 20
1232 543 1259 591 se

242 633 291 699 Do
312 631 385 701 iotis
400 637 475 699 aunt
495 632 561 700 duo
575 629 749 714 privilegio
768 629 803 697 in
818 627 944 697 Sedlioa
964 630 1006 696 de
1020 628 1119 697 verbo
1142 629 1185 695 ad
1205 630 1259 712 rer

142 739 226 931 Q
240 737 310 909 ἓξ
325 839 541 909 anniversario
573 837 730 920 ainardi,
763 838 889 921 nepotis
924 837 1046 905 domini
1071 835 1259 903 Clementen‘

141 964 248 1029 senag.
271 945 312 1012 de
326 942 444 1028 Magna
467 945 599 1011 civitate
613 942 769 1026 Progensi
790 961 886 1026 super
908 943 1003 1008 domo
1026 942 1061 1014 in
1083 939 1198 1024 Longa
1217 943 1259 1024 pla

179 1040 182 1045 ’
240 1048 291 1114 De
313 1049 408 1114 domo
441 1068 505 1114 una
538 1066 638 1132 prope
672 1051 819 1116 sanctum
852 1044 1003 1129 Egidium
1039 1041 1099 1131 11],
1135 1064 1244 1128 sexag.

139 1152 248 1221 Vlrioo
271 1153 402 1218 famulo.

241 1254 291 1322 De
313 1256 407 1322 domo
430 1256 566 1340 Nyeolai
589 1255 800 1323 Knobelauch
825 1255 860 1320 in
882 1251 1005 1321 Maiore
1028 1253 1161 1320 civitate
1185 1255 1205 1321 2
1229 1274 1259 1320 se

140 1376 198 1444 pro
221 1360 440 1427 anniversario
463 1359 576 1442 ipsius.

238 1465 287 1529 De
309 1453 544 1530 'Sramnronissa
576 1465 590 1528 1
617 1481 723 1546 sexag.
759 1464 800 1530 de
833 1461 1097 1530 confraternitate
1120 1467 1259 1529 mercato

138 1580 196 1650 pro
220 1568 453 1634 anniversario.

224 1672 321 1738 'Item
343 1670 451 1738 Kunla
472 1672 625 1753 institrix,
649 1671 768 1738 civissa
789 1671 969 1755 Pragensia
993 1669 1166 1737 conventui
1189 1670 1259 1736 dedi

139 1780 294 1858 perpetuo
317 1795 416 1841 censu
438 1794 551 1843 novem
574 1794 760 1856 sexagenas.
775 1774 916 1841 —Item
939 1775 1052 1839 eadem
1075 1774 1206 1841 domina
1227 1775 1258 1839 K

138 1881 288 1947 similitor
309 1899 381 1946 oum
397 1880 512 1946 marito
531 1881 603 1946 eine
618 1877 766 1945 Conrado
782 1877 961 1946 Oladruner
972 1878 1066 1959 dedit
1080 1878 1144 1959 ipsi
1159 1896 1259 1946 convo

138 1985 174 2049 in
195 1988 351 2067 perpetuo
374 2004 471 2051 censu
495 2003 551 2051 sex
574 2003 758 2066 sexagenas.
793 2006 798 2018 ·
