2894 4890
185 178 251 247 300

82 410 105 449 r.
119 415 164 453 aa.
184 386 350 457 fruendam
372 411 411 458 ac
427 391 501 475 jure
523 393 720 463 hereditario
742 396 777 461 in
799 401 991 479 perpetuum
1013 397 1137 479 absque
1159 395 1383 478 inpedimento

185 494 329 575 quolibet
350 494 482 576 pacifice
496 498 733 577 possidendam.
757 500 795 564 ln
818 501 910 566 cuius
933 502 981 567 rei
996 502 1217 567 testimonium
1239 499 1378 581 sigillum

185 599 332 680 magistri
353 601 514 666 moncium
537 602 703 667 vinearum
726 604 930 684 presentibus
951 610 1002 669 est
1025 622 1214 685 appensum.
1259 602 1372 667 Datum

185 721 269 769 anno
285 702 406 770 domini
421 702 774 788 M⁰CCCLXXXXllll,
790 708 925 773 sabbato
939 713 1013 773 ante
1025 707 1224 773 dominicam
1235 710 1371 787 quartam
1388 720 1421 766 ’,κ

183 810 257 887 post
276 804 411 876 Pascha.
1398 811 1421 847 ·‘

287 911 568 994 Privilegium
591 914 683 980 Viti
705 919 747 980 et
768 915 944 1000 Nicolay
966 933 1093 995 super
1114 914 1249 979 vinea
1401 990 1404 995 ‚

287 1014 444 1082 Noverint
474 1018 625 1098 universi,
660 1018 747 1099 quod
779 1037 839 1101 ego
873 1017 1000 1102 Symon,
1034 1018 1190 1100 magister
1220 1017 1412 1084 monciunr

184 1117 349 1183 vinearum
371 1138 452 1185 nove
475 1122 688 1201 plantacionis
711 1121 830 1187 circum
853 1122 988 1204 Pragam
1017 1125 1052 1187 et
1080 1121 1291 1187 chcumciroa
1309 1125 1374 1187 toto
1400 1142 1421 1190 a

183 1220 216 1285 iu
238 1222 398 1302 districtu,
421 1228 533 1289 tenore
548 1226 752 1306 presencium
766 1225 895 1307 publice
916 1241 1123 1307 recognosco,
1147 1226 1228 1304 quia
1249 1223 1374 1289 honesti
1403 1248 1418 1295 r

185 1326 244 1389 viri
261 1324 354 1391 Vitus
369 1331 403 1391 et
416 1325 570 1393 Nicolaus
585 1330 627 1394 de
641 1328 761 1395 Minori
775 1330 907 1395 civitate
921 1329 1077 1411 Pragensi
1090 1330 1221 1395 mnsam
1235 1329 1374 1410 ipsorum
1408 1354 1415 1396 -·,

184 1429 223 1492 de
247 1446 328 1491 novo
351 1430 530 1511 plantatam
553 1433 612 1499 sub
628 1451 711 1498 anno
735 1434 856 1499 demini
877 1430 1203 1512 M⁰ccc⁰xc⁰V111⁰,
1227 1433 1324 1498 sitam
1344 1432 1377 1497 in
1415 1459 1419 1465 ·

184 1531 276 1597 honis
299 1551 357 1598 seu
378 1535 560 1601 hereditate
582 1538 807 1618 religiosorum
837 1539 980 1603 virorum
1002 1536 1125 1603 ordinis
1147 1537 1181 1603 S.
1203 1535 1378 1618 Augustini
1417 1544 1420 1604 ἑ

184 1637 370 1705 monasterii
393 1638 639 1705 Strahowiensis
671 1659 773 1722 penes
806 1642 934 1707 vineam
966 1641 1149 1706 carboniste
1171 1639 1256 1705 dicti
1277 1639 1377 1704 Kotas

184 1744 274 1820 parte
298 1760 362 1805 una
383 1747 417 1806 et
438 1762 538 1823 penes
561 1763 707 1825 campum
741 1763 798 1809 seu
829 1745 1058 1826 agriculturam
1087 1743 1278 1809 monasterii
1308 1761 1378 1823 pre·

184 1843 264 1908 dieti
284 1848 375 1925 parte
397 1864 436 1909 ex
458 1846 533 1926 alia,
569 1847 608 1912 de
642 1853 731 1913 certa
760 1849 900 1914 sciencia
933 1852 966 1912 et
986 1848 1152 1913 voluntate
1175 1846 1376 1913 dominorum

184 1967 242 2012 seu
263 1948 398 2015 fratrum
420 1951 607 2015 monasterii
630 1952 785 2033 sepedicti
808 1972 828 2017 a
850 1971 910 2035 me,
932 1951 1035 2016 ueluti
1056 1949 1183 2032 dejure
1197 1949 1379 2016 debuerunt

184 2056 218 2116 et
239 2057 336 2132 prout
354 2054 447 2135 juris,
470 2055 569 2119 moris
602 2061 637 2120 et
669 2057 910 2123 consuetudinis
940 2055 1142 2137 oportunitas
1163 2054 1268 2135 exigit
1288 2072 1378 2119 mon-

184 2155 267 2220 eium
290 2156 455 2221 vinearum
485 2158 704 2242 Pragensium,
727 2161 791 2225 rite
824 2180 863 2225 ae
891 2159 1133 2226 racionabiliter
1165 2162 1378 2239 suscepenrnt

183 2277 240 2340 pro
264 2278 298 2323 se
320 2264 354 2324 et
375 2260 533 2339 Maratha,
556 2283 655 2329 uxore
685 2264 828 2329 eiusdem
851 2263 976 2349 llicolai
1009 2262 1180 2344 legittima,
1203 2260 1377 2327 heredibus

184 2381 221 2427 ac
244 2366 482 2430 successoribus
498 2384 607 2431 eorum
630 2367 788 2433 universis
804 2368 845 2433 ad
867 2368 1058 2448 habendam,
1081 2366 1264 2445 tenendam,
1287 2362 1377 2446 plan-

184 2469 323 2548 tandam,
348 2469 565 2536 utihuendam
599 2489 637 2535 ac
666 2471 739 2554 jure
772 2473 969 2539 hereditario
1003 2472 1123 2552 absque
1157 2467 1382 2559 inpedimento!

184 2572 329 2652 quolibet
349 2572 482 2656 pacifice
496 2575 733 2655 possidendam.
756 2577 793 2641 ln
816 2578 909 2643 cuius
922 2576 971 2641 rei
992 2575 1215 2641 testimonium
1236 2571 1378 2653 sigillum

184 2675 331 2755 magistri
352 2677 512 2743 mencium
535 2678 699 2746 vinearum
722 2681 926 2763 presentibus
951 2685 1001 2747 est
1023 2695 1211 2760 appensum.
1256 2676 1376 2741 Datum

184 2784 219 2843 et
250 2784 358 2845 actum
388 2799 471 2846 anno
501 2783 623 2849 domini
648 2780 956 2865 M⁰occ⁰xov111⁰,
989 2785 1024 2849 in
1057 2786 1172 2847 octava
1204 2777 1279 2844 Scte
1313 2779 1376 2843 Ka-

184 2883 311 2949 therine
332 2885 476 2968 virginis.

288 2989 568 3073 Privilegium
592 2993 797 3060 Johannis
832 2994 938 3059 dicti
959 2992 1070 3057 Koza
1092 3007 1219 3071 super
1240 2987 1374 3052 vinea.

286 3093 445 3160 Noverint
466 3098 618 3179 universi,
641 3100 727 3180 quod
749 3119 807 3165 nos
829 3099 944 3164 Petrus
967 3098 1078 3176 abbas,
1099 3093 1255 3160 Nicolaus
1277 3092 1374 3173 prior,

184 3195 322 3263 Thomas
344 3200 503 3281 supprior,
526 3199 752 3284 Sigiumundus
774 3202 922 3283 circator,
945 3199 1112 3283 Styborius
1134 3201 1256 3274 cantor,
1279 3193 1374 3259 Wen·

184 3303 327 3369 czaslaus
349 3306 533 3386 prepositus
555 3312 707 3389 totusque
729 3311 906 3373 conventus
928 3303 1116 3371 monasterii
1129 3299 1375 3366 Strahowiensis

184 3406 305 3471 ordinis
334 3406 638 3476 Premonstratensis
670 3430 769 3492 prope
802 3410 938 3491 Pragam
970 3407 1228 3490 recognoscimus
1261 3408 1374 3469 tenore

182 3510 382 3590 presencium
405 3513 574 3594 uniuersis,
604 3516 691 3596 quod
720 3516 879 3581 discretus
900 3515 949 3581 vir
970 3513 1134 3589 Jehannas
1156 3509 1262 3574 dictus
1285 3508 1375 3573 Koza

184 3616 224 3682 de
246 3616 360 3699 Praga‚
394 3616 513 3683 vinitor
545 3619 707 3685 abbatisse
736 3619 924 3687 monasterii
957 3619 1024 3687 Sati
1047 3614 1179 3697 Georgii
1209 3614 1245 3681 in
1268 3617 1374 3679 castro

184 3720 349 3804 Pragemi,
382 3723 509 3789 vineam
531 3743 620 3789 suam
651 3725 691 3789 de
723 3743 805 3791 nouo
838 3725 1016 3806 plantatam
1050 3721 1110 3786 sub
1143 3736 1228 3783 anno
1250 3716 1374 3783 domini

184 3823 428 3912 M⁰ococ⁰1x0,
452 3828 547 3893 sitam
576 3829 610 3893 in
633 3835 742 3895 monte
765 3829 893 3895 Petrino
923 3846 1023 3910 penes
1043 3842 1169 3891 murum
1191 3821 1284 3889 vinee
1306 3838 1373 3886 rno-

183 3930 318 3995 nasterii
338 3930 503 3997 Placensis
524 3951 564 3996 ex
586 3952 650 3999 una
672 3938 706 3998 et
727 3933 853 4000 vineam
875 3931 1019 4013 Martini,
1049 3931 1119 3996 coci
1140 3927 1242 3995 nestri
1263 3944 1373 3991 mona·

184 4034 274 4100 sterii
296 4032 549 4117 strahowiensis,
580 4037 673 4119 juxta
705 4056 830 4103 murum
861 4038 953 4103 vinee
984 4035 1062 4101 dicti
1091 4030 1278 4100 monasterii
1299 4029 1373 4096 Pla-

185 4141 288 4204 censis
309 4144 404 4220 parte
418 4160 456 4207 ex
480 4142 592 4222 altera,
612 4143 646 4208 in
662 4160 751 4207 mero
770 4147 804 4207 et
810 4144 899 4225 justo
908 4140 1049 4205 dominio
1060 4135 1248 4204 monasterii
1270 4134 1385 4201 nostri.

185 4245 419 4312 cumomnibus
438 4247 567 4328 juribus
582 4250 615 4310 et
625 4245 834 4326 pertinenciis
855 4242 958 4325 ipsius
973 4243 1132 4307 universis
1154 4238 1239 4305 infra
1251 4238 1373 4307 limites

184 4351 218 4410 et
238 4349 392 4415 terminos
415 4349 578 4430 predictos
600 4349 855 4429 consistentem]
877 4346 919 4410 de
941 4349 1155 4411 certa-nostra
1177 4344 1318 4411 sciencia
1341 4348 1375 4405 et

184 4450 348 4516 voluntate
370 4452 504 4519 anobis
526 4453 631 4545 veluti
649 4450 788 4517 dominis
806 4448 907 4529 fundi,
929 4454 1026 4526 prout
1049 4451 1088 4515 de
1106 4451 1182 4531 jure
1204 4449 1318 4516 debuit
1339 4452 1373 4510 et
