2910 4896
172 189 233 264 133

273 404 356 470 Item
385 402 486 486 judan
517 402 617 468 habet
649 420 748 467 unum
782 401 921 480 laneum,
954 396 989 464 in
1012 415 1076 480 quo
1099 395 1229 477 residet,
1257 383 1333 460 nichil

172 508 300 574 solvens
323 512 431 588 preter
452 508 594 573 bernam.

275 614 358 678 Item
390 613 474 677 idem
502 613 602 695 judex
624 609 723 675 habet
744 610 765 675 3
789 611 899 675 laneos
932 609 1039 673 minus
1069 607 1090 672 3
1113 605 1295 689 quartahhus
1313 601 1335 663 et

174 717 396 782 molendinum
436 735 508 782 oum
545 715 670 782 duabus
707 713 789 779 rotis
827 717 953 778 solvens
1000 711 1203 777 solummodo
1236 710 1336 775 bernam

172 823 324 904 regalem.

275 925 357 990 Item
377 923 516 990 ecclesia
535 922 681 988 eiusdem
700 922 777 988 ville
795 921 894 987 habet
912 921 1056 987 medium
1075 920 1203 987 Ιιιιιιιιιι
1220 917 1336 991 horno

174 1030 240 1097 ulsi
260 1027 393 1094 bernam
417 1026 522 1091 solvit.
634 1105 636 1109 Ι

277 1133 359 1198 Item
380 1133 414 1196 in
434 1130 547 1196 eadem
566 1130 644 1194 villa
663 1135 737 1196 sunt
756 1132 818 1196 due
839 1132 926 1196 cotes
942 1130 1043 1195 brasii
1064 1129 1165 1214 [reete
1180 1124 1283 1210 bruay]
1295 1121 1340 1190 sol

177 1241 290 1304 ventes
313 1237 349 1300 in
370 1234 454 1301 festo
477 1234 646 1299 Michaelis
668 1253 726 1315 per
748 1240 770 1302 4
793 1254 839 1316 gr.

278 1342 361 1406 Item
384 1340 522 1404 ecclesia
543 1339 747 1420 parochialis.

278 1444 371 1508 Anno
395 1442 517 1507 domIni
541 1443 623 1507 1431
648 1447 801 1509 notantur
822 1441 1006 1524 conscripta
1027 1442 1238 1523 plebanorum
1257 1434 1342 1504 distri·

175 1550 255 1615 buta
278 1567 336 1613 seu
369 1551 532 1628 percepta,
568 1564 630 1627 que
662 1546 818 1627 plebanus
852 1550 996 1611 tenetur:
1030 1545 1135 1626 primo
1169 1545 1209 1610 de
1241 1546 1343 1608 mature

37 1725 42 1733 ,
175 1655 275 1719 missa
297 1653 374 1719 dare
396 1671 455 1735 per
477 1651 554 1719 anni
577 1651 731 1717 circulum
755 1650 902 1717 omnibus
937 1655 1076 1730 quatuor
1107 1647 1296 1730 temporibus
1315 1641 1344 1707 20

176 1776 222 1838 gr.
246 1757 365 1823 rectori
387 1759 421 1821 et
443 1756 649 1821 cantantibus
673 1755 809 1819 clericis.

279 1860 361 1941 Item
393 1863 428 1926 in
460 1861 542 1925 festo
567 1858 758 1940 natiuitatis,
792 1877 898 1939 pasce,
923 1859 1147 1939 penthecostes
1170 1863 1204 1922 et
1225 1869 1344 1931 assump

85 1985 164 2027 rosc.
180 1962 318 2043 chonis¹)
342 1971 470 2030 tenetur
493 1965 570 2029 dare
594 1964 761 2044 capellano
784 1964 835 2027 vel
859 1963 953 2028 fratri
972 1962 1015 2046 [l]
1033 1963 1088 2043 qni
1111 1962 1241 2028 missam
1259 1956 1346 2022 cenot

176 2068 212 2134 B.
236 2067 339 2134 Mario
361 2068 497 2150 virgInis
520 2070 541 2132 3
564 2087 611 2149 gr.
950 2081 953 2086 ·

282 2172 364 2238 Item
387 2172 506 2238 rectori
530 2173 616 2237 scole
639 2173 659 2236 3
683 2192 741 2254 gr,
765 2174 986 2254 campanatori
1009 2175 1029 2237 3
1053 2191 1099 2253 gr.
1178 2190 1186 2214 ¹

282 2276 364 2341 Item
388 2275 484 2341 sociis
508 2276 595 2342 scole
618 2279 638 2341 3
662 2296 708 2358 gr.

279 2380 362 2445 Item
384 2381 534 2444 balneum
549 2380 584 2448 iu
599 2381 719 2461 vigiliis
744 2381 1008 2463 solempnitatum
1031 2380 1255 2460 predictarum,
1277 2372 1346 2438 vide·

176 2485 253 2550 licet
274 2483 465 2563 nativitatis,
495 2502 601 2564 pasce,
636 2484 871 2565 penthecostes,
906 2485 1139 2566 assumptionis
1162 2481 1235 2547 dise
1256 2476 1346 2548 Maria

178 2586 396 2654 dedicacionis
420 2588 579 2668 plebanus
602 2604 674 2652 cum
697 2589 873 2669 capellano,
896 2590 1107 2669 predicatore,
1130 2591 1253 2653 rectore
1274 2576 1350 2648 sociis

177 2692 264 2757 scole
285 2691 435 2756 balneum
458 2690 498 2754 dc
522 2690 648 2756 loeione
670 2687 782 2776 teneln
784 2691 853 2774 ]ιιιι
874 2692 922 2757 ι1ι
944 2692 1079 2758 solvere.
1162 2719 1169 2729 ·

157 2838 160 2843 ,
280 2793 362 2860 Item
384 2794 552 2875 plebanus,
587 2794 739 2860 videlicet
761 2796 860 2860 frater
882 2795 942 2859 Pet
927 2798 1008 2911 trus,
1043 2793 1209 2877 preposito
1239 2795 1290 2861 det
1276 2785 1350 2856 tdi·

177 2899 273 2965 visim
295 2895 354 2980 4²)
379 2916 485 2979 sesag

282 3003 366 3069 Item
387 3003 430 3067 ad
453 3002 662 3069 collacioncnn
691 3002 743 3068 fra
743 3004 848 3069 tribus
871 3008 904 3066 et
925 3004 960 3068 in
983 3004 1072 3069 omni
1098 3004 1151 3069 die
1174 3006 1196 3069 4
1217 3011 1350 3070 nummos·

281 3105 363 3169 Item
386 3105 428 3170 ad
451 3111 643 3171 conventum
666 3104 821 3170 fratribus
845 3107 993 3171 omnibus
1016 3108 1050 3172 1ιι
1071 3106 1166 3174 festis
1181 3098 1350 3173 nativitatis

177 3227 282 3290 pasce,
297 3209 536 3290 penthecostes,
554 3209 799 3289 assumpciouis,
815 3209 1033 3273 dedIcacIonis
1047 3210 1069 3274 4
1081 3229 1126 3290 gr.
1140 3215 1269 3275 tenetur
1281 3208 1350 3272 dare·

282 3311 412 3376 Summa
434 3312 547 3376 honum
572 3314 714 3378 omnium
736 3311 816 3377 hecht
839 3315 858 3378 8
882 3331 991 3393 sesag.
1015 3314 1058 3378 20
1080 3333 1126 3394 gr.
1192 3374 1195 3379 ,

281 3416 364 3480 Item
385 3414 569 3496 predicator
592 3416 699 3481 omma
720 3435 778 3496 pro
802 3435 836 3481 se
859 3415 973 3482 hahet.
967 3438 973 3453 ·
944 3416 1184 3499 thaptisales,
1208 3415 1350 3484 introduc·

180 3517 300 3601 cinnes,
314 3518 504 3600 cocciones,
529 3519 798 3601 sacroerismales,
824 3520 1050 3587 confossiones.
1133 3566 1136 3573 «
1248 3533 1251 3539 ’

248 3625 365 3689 Item
386 3621 572 3704 predicator
592 3623 632 3687 de
654 3622 775 3704 vigiliis
798 3622 930 3689 terciam
953 3630 1078 3748 partem
1099 3629 1135 3690 et
1156 3630 1227 3692 rect
1228 3645 1274 3692 or
1212 3615 1350 3691 tscoh

180 3727 343 3811 2partes,
366 3725 521 3809 plebanus
543 3726 653 3792 nichil.
881 3791 884 3796 .

282 3833 365 3896 Item
388 3831 459 3896 de
449 3830 663 3912 mscripcione
686 3831 865 3898 animarum
887 3832 922 3900 in
944 3832 1062 3899 librum
1086 3834 1222 3902 ecclesie
1235 3830 1350 3916 plebane

181 3936 347 4017 spectes,
366 3933 561 4015 predicatori
584 3936 727 4001 terciam.

283 4041 365 4105 Item
389 4038 428 4102 de
451 4037 581 4119 vigiliis,
605 4056 668 4119 que
691 4042 810 4103 canunt
811 4058 850 4103 ur
872 4041 979 4106 term
1003 4061 1097 4123 anno,
1122 3995 1220 4108 debet
1241 3996 1350 4106 ocrim

182 4142 259 4208 dare
281 4147 331 4208 ter
353 4161 411 4224 pro
434 4141 579 4224 qualibet
600 4144 670 4209 sice
696 4145 735 4209 16
759 4162 816 4225 gn,
852 4145 966 4210 simiht
952 4150 1003 4211 ιιι
1032 4147 1171 4227 plebano
1194 4166 1251 4230 pro
1273 4134 1350 4208 cerel¹

201 4390 204 4397 ⁴
235 4373 258 4452 ¹)
282 4382 507 4442 mathocca.
528 4391 551 4440 1.

236 4470 257 4538 ¹)
285 4473 355 4526 oin
374 4472 444 4526 cod
465 4478 488 4524 1.
