2910 4896
755 1199 797 1269 II
1323 1266 1326 1271 .

177 1367 441 1465 tulttlbllu
476 1369 666 1485 ΕΕΕΕΕΕΕ
706 1369 887 1467 lulltll
841 1369 963 1463 llll
985 1369 1014 1467 S.
1054 1369 1189 1487 ulna
1226 1282 1359 1489 XUDXX·

408 1487 544 1588 tultis
573 1463 735 1588 illul
740 1481 980 1588 CCCXXXXXX
1006 1480 1140 1588 trull.
1318 1477 1382 1531 ’·

84 1726 169 1781 saga
285 1700 497 1792 Cbaseripca‘o
503 1703 654 1770 bonorum
671 1703 903 1782 monasteriiS
920 1702 1026 1770 Maria
1044 1706 1263 1782 euaoaicorum
1282 1708 1382 1794 roba}

176 1806 331 1877 larium'
316 1833 351 1877 m
372 1805 552 1875 ΙΕΕΕΕΕΕΕ
536 1831 572 1875 aa
594 1829 679 1875 uano
700 1808 821 1875 domiai
838 1792 1167 1908 mmmm,
1190 1790 1270 1875 Vri·
1294 1808 1382 1913 Idus*

176 1906 358 1980 December
377 1914 478 2001 faeta
495 1936 555 2001 per
576 1912 819 1995 venerabelem
802 1937 838 1980 aa
863 1904 986 1980 Christo
1002 1886 1130 2001 param
1155 1902 1185 1980 et
1206 1877 1382 2019 (ΕΕΕΕΕΕΕΕΕ,

179 2014 340 2085 dominura
357 2015 533 2084 Jobaauem
550 2015 669 2095 liure,
692 2011 882 2104 Prayanaem
900 2019 1077 2115 episcopm
1096 2018 1162 2084 XX
1165 2016 1268 2096 Vll*
1289 2024 1365 2129 abab

179 2144 250 2190 aero
272 2121 487 2251 ordinariorum
507 2144 562 2188 sue
583 2124 682 2188 XXX
686 2120 785 2192 ΕΙΙΙ0

276 2279 326 2351 Et
311 2244 464 2365 tprimo·
471 2279 506 2349 in
527 2281 614 2349 willa
635 2281 760 2357 Peleu
783 2282 937 2359 Maiori
965 2222 1017 2352 est
1043 2284 1132 2358 bonu
1158 2247 1311 2364 munitio,
1330 2218 1368 2359 Ε

178 2385 382 2473 sustellanus
405 2385 461 2469 qui
483 2389 535 2463 est
554 2386 613 2468 ibi,
635 2387 735 2455 babet
749 2388 859 2456 duast
844 2393 1024 2459 t.erras-
980 2389 1128 2457 -Item
1145 2391 1196 2462 est
1209 2387 1266 2462 ibi
1263 2386 1367 2459 seila

180 2490 271 2566 auria
298 2492 526 2571 aretinarum,-
549 2491 592 2588 nel
619 2509 715 2573 quam
742 2493 960 2574 ·4⁰speetant
960 2495 1138 2574 arabum,
1166 2509 1234 2574 une
1252 2490 1369 2581 babent

141 2663 145 2672 ,
181 2595 223 2680 14
245 2595 366 2679 lausus
370 2593 485 2678 minus
507 2594 550 2662 20
564 2593 808 2679 jugeribusa-
830 2598 926 2666 Item
936 2602 1012 2669 sunt
1032 2595 1133 2673 autum
1155 2596 1202 2669 ibi
1226 2597 1275 2672 18
1288 2599 1369 2671 tum

180 2704 216 2772 et
225 2718 328 2783 ,unum
342 2699 503 2782 quartale,
519 2702 552 2766 et
569 2698 712 2782 quelibet
726 2703 816 2795 terra
828 2702 926 2777 solvit
940 2701 1108 2776 aunuatim
1121 2719 1219 2775 unum
1233 2715 1382 2776 martum.

180 2822 310 2891 ΕΕΕΕΕΕ
327 2802 434 2879 etas
457 2804 573 2888 pallos.
608 2840 649 2851 ·-
683 2805 769 2887 Item·
787 2810 839 2872 est
860 2807 907 2881 ibi
926 2824 1012 2882 mus
1034 2811 1124 2873 orum
1146 2802 1370 2897 urs-autum

181 2912 216 2976 et
235 2908 447 2989 humuletum,
478 2910 511 2973 et
533 2909 700 2976 ortulanus
723 2928 833 2975 eorum
857 2910 956 2977 habet
979 2910 1165 3001 101-jugana,
1186 2910 1234 2986 ule
1252 2908 1370 2991 ustibus

180 3013 308 3079 laborat
329 3012 363 3078 in
386 3015 456 3078 orto
480 3015 513 3078 et
534 3012 711 3081 humuletu.
741 3050 782 3058 —
815 3016 897 3080 Item
920 3020 970 3081 est
991 3014 1039 3080 ibi
1061 3033 1126 3080 unu
1146 3013 1241 3080 unsa
1263 3015 1297 3080 st
1317 3028 1371 3095 pn

181 3118 328 3200 merium,
357 3120 391 3183 et
419 3115 539 3182 vinitor
567 3116 667 3184 habet
688 3119 833 3184 excolere
860 3137 932 3185 earu
953 3136 1012 3200 per
1033 3118 1182 3185 medium.
1216 3153 1258 3162 -
1291 3117 1371 3185 Item

58 3290 61 3299 ,
181 3228 232 3290 est
254 3222 355 3289 eciam
373 3219 421 3286 ibi
438 3239 503 3286 una
522 3219 613 3302 silva,
637 3223 800 3288 eleustus
824 3222 904 3288 silve
922 3220 1011 3287 illius
1030 3220 1129 3287 habet
1147 3219 1288 3286 mediam
1309 3224 1376 3288 ter·

181 3345 261 3408 ram,
281 3327 321 3391 de
340 3324 480 3407 quartali
498 3325 594 3391 solvit
612 3343 741 3392 censum
761 3331 794 3393 et
812 3326 852 3392 de
868 3325 932 3391 alio
948 3324 1089 3406 quartuli
1103 3324 1245 3391 custodit
1260 3325 1380 3394 silvam

182 3436 216 3498 et
238 3428 346 3497 servit.
377 3464 419 3474 —
451 3425 533 3494 Item
556 3433 632 3496 sunt
652 3428 700 3494 ibi
724 3429 764 3495 rt
787 3429 945 3511 subsides,
969 3447 1103 3512 quorum
1126 3428 1263 3511 quilibet
1284 3430 1382 3497 unet

182 3555 240 3621 per
270 3533 410 3617 quiuque
436 3533 552 3618 jugera
581 3538 615 3600 et
646 3533 742 3600 solvit
773 3553 831 3617 per
860 3534 927 3600 14⁰¹
958 3551 1087 3615 grossos
1121 3532 1297 3600 annuatim.
1332 3563 1382 3580 -ν

182 3643 264 3707 Item
287 3645 337 3706 est
358 3637 405 3705 ibi
426 3657 510 3705 unus
533 3638 646 3706 subses
666 3636 759 3704 faber
785 3643 818 3704 et
838 3638 937 3705 babet
958 3638 1135 3719 tabernam,
1158 3636 1214 3719 qui
1235 3635 1382 3704 necessi-

182 3748 282 3811 tatem
305 3743 347 3809 ad
370 3741 491 3809 curiam
513 3745 642 3807 tenetur
662 3739 836 3821 fabricare3
860 3746 893 3808 et
915 3742 944 3808 si
962 3742 1097 3809 taberna
1118 3759 1183 3807 non
1206 3745 1295 3808 esset
1316 3753 1382 3809 nec

182 3849 282 3930 faber,
306 3847 419 3914 subses
443 3848 581 3912 solveret
604 3846 623 3910 8
647 3863 785 3926 grossos.
809 3882 851 3890 -
874 3845 955 3912 Item
978 3850 1027 3912 est
1049 3845 1096 3911 ibi
1118 3845 1219 3911 eriam
1237 3843 1382 3913 eeclesia

182 3948 397 4019 inhonores.
413 3949 516 4015 Maris
531 3948 683 4029 Virginis,
701 3947 737 4014 in
755 3968 819 4032 qua
836 3951 1019 4031 prepositus
1039 3955 1072 4015 et
1091 3949 1236 4017 canonici
1253 3945 1382 4016 habent

179 4056 235 4140 jus
257 4060 456 4139 patronatus.
480 4089 521 4097 -
544 4053 626 4117 Item
649 4057 698 4118 est
720 4052 767 4119 ibi
789 4054 891 4120 eciam
912 4073 1012 4120 unum
1033 4058 1178 4136 pratum·

286 4159 325 4223 In
346 4155 440 4220 Palcz
463 4154 580 4221 Maiori
610 4173 734 4223 summa
764 4176 877 4225 census
907 4156 1081 4226 denarialis
1108 4162 1183 4225 sunt
1205 4159 1247 4226 22
1268 4166 1382 4226 maret

185 4262 352 4330 sensuales
374 4259 480 4326 minus
503 4260 636 4327 fertone

89 4398 142 4452 14,
156 4401 177 4441 ³
288 4363 401 4430 Item
391 4383 426 4430 m
441 4365 518 4432 villa
533 4363 779 4450 Wyrbiczan
803 4369 853 4432 est
869 4385 932 4433 una
947 4366 1186 4434 bunamuniciu
1202 4370 1243 4445 de
1258 4369 1382 4453 laurum

186 4474 219 4538 Ε
234 4486 286 4537 ees
287 4450 436 4563 tellanas,
456 4470 539 4555 qui
527 4471 562 4540 in
576 4471 690 4551 eadem
709 4470 830 4545 residet
847 4471 1043 4564 munitium,
1058 4471 1156 4573 habet
1173 4472 1267 4561 duas
1273 4475 1382 4547 oerrut
