2894 4890
174 191 236 259 124

171 403 252 468 duos
275 402 385 467 laneos
408 402 624 484 proservicio
655 407 688 468 et
715 403 822 469 servit.
868 403 950 468 Item
973 401 1012 467 de
1035 400 1136 475 berne
1159 401 1200 469 de
1220 394 1351 491 6661161

170 505 263 572 16666
286 505 328 571 32
350 521 408 587 gr„
433 506 448 569 1
473 505 708 571 delencionales
730 525 777 587 gr.
800 507 882 571 Item
904 504 1041 573 fumales
1064 505 1105 573 de
1128 505 1270 595 quolibet
1286 502 1342 581 1661
1381 510 1385 515 ’

175 606 209 690 11,
233 626 280 688 gr.
304 605 385 673 Item
407 608 446 671 de
469 607 614 689 quolibet
636 609 729 674 16666
756 613 909 674 tenentur·
939 610 1059 676 (16662
1082 610 1190 690 661166
1211 613 1245 674 61
1265 622 1357 679 volb-

169 711 269 775 tinam
299 729 400 775 avene
430 717 463 775 et
494 730 591 776 unum
622 712 731 777 oblacz
763 716 887 793 616666.
932 712 1014 778 Item
1039 712 1079 778 de
1102 713 1248 795 quolibet
1267 712 1340 783 tenu

169 833 225 896 pro
257 814 403 878 omnibus
432 814 554 880 nobotis
584 816 720 896 quilibet
750 817 840 897 dgr.
884 817 965 881 Item
989 816 1090 899 judex
1113 815 1231 898 recipit
1252 831 1342 881 omnes

170 919 280 999 culpas
301 921 409 999 preter
431 919 623 998 incendium,
647 918 855 984 homicidium
876 923 909 983 ot
925 921 1080 1001 stuprum,
1103 919 1191 1000 quod
1205 918 1344 1000 wlgadter

169 1021 288 1087 dicitur
309 1042 413 1089 vnoss.
748 1048 751 1053 ·

137 1157 155 1185 ι.
270 1125 489 1209 Mylotyoz.

273 1229 359 1293 Villa
382 1230 539 1311 Mylotycz
562 1228 660 1294 habet
689 1230 855 1295 4166666.
903 1230 950 1295 be
974 1229 1078 1295 tribus
1101 1229 1205 1295 166616
1228 1228 1351 1312 quilibet

168 1332 264 1396 solvit
293 1333 459 1396 annuatim
490 1333 530 1395 73
561 1350 607 1413 gr.
638 1332 660 1395 4
683 1332 752 1396 bal.
777 1338 915 1399 etunus
938 1333 1052 1399 166666
1078 1333 1176 1400 solvit
1197 1333 1351 1399 annuatim
1382 1346 1394 1359 ‘

172 1437 184 1497 1
211 1453 317 1516 sesag.
341 1453 387 1516 gr.
412 1437 492 1500 Item
515 1436 554 1500 de
577 1434 676 1501 berna
706 1436 745 1500 de
777 1436 922 1517 quolibet
944 1435 1037 1503 laneo
1060 1439 1102 1504 32
1125 1457 1172 1521 gr.
1197 1441 1231 1505 et
1253 1436 1352 1502 delen·

168 1539 309 1603 cIonales
336 1542 349 1603 1
377 1558 423 1620 gr.
447 1541 527 1605 Item
551 1538 687 1606 fumales
710 1540 749 1604 de
773 1539 918 1623 quolibet
939 1538 1010 1606 foco
1035 1538 1066 1625 11,
1091 1560 1137 1622 gr.
1161 1545 1196 1606 61
1217 1560 1274 1623 666
1296 1545 1354 1605 tor·

168 1646 237 1706 tore
261 1642 366 1708 2661.
391 1648 502 1724 61666
526 1644 674 1725 expensis
705 1641 738 1728 11,
763 1662 807 1725 gr.
831 1643 913 1708 Item
936 1643 976 1709 de
1000 1643 1144 1725 quolibet
1160 1645 1254 1709 laneo
1278 1643 1353 1708 duos

168 1747 272 1828 pullos
296 1754 328 1811 et
351 1767 446 1813 unam
476 1748 577 1813 tinam
609 1766 707 1812 avene
733 1752 766 1811 61
788 1765 888 1812 unum
911 1746 1021 1812 oblacz
1045 1753 1172 1830 stuppe.
1219 1747 1300 1813 Item
1321 1746 1356 1811 de

166 1850 270 1916 tribus
293 1852 396 1919 laneis
418 1855 572 1917 tenentur
594 1853 672 1917 dare
694 1870 793 1917 unum
817 1869 944 1916 currum
968 1850 1007 1917 de
1031 1851 1249 1917 straminibus,
1279 1847 1357 1915 Item

167 1954 207 2018 de
231 1954 353 2021 robotis
368 1957 408 2021 de
425 1954 570 2037 quolibet
583 1955 678 2021 laneo
701 1957 852 2020 tenentur
874 1961 995 2019 metere
1018 1955 1099 2020 duos
1123 1954 1192 2021 dIes
1216 1958 1358 2019 6166666

168 2057 317 2121 similiter
340 2059 420 2122 duos
444 2059 512 2123 dies
536 2059 575 2122 de
599 2058 701 2123 16666.
726 2059 807 2123 Item
831 2058 870 2122 de
894 2058 1039 2140 quolibet
1052 2058 1146 2127 laneo
1162 2076 1262 2123 unum
1278 2056 1359 2122 diem

166 2161 284 2227 falcare
308 2161 424 2225 166666.
470 2163 551 2226 Item
573 2167 725 2227 tenentur·
747 2161 885 2227 transire
916 2163 957 2226 ad
979 2160 1185 2227 venacionem
1209 2161 1251 2226 ad
1273 2178 1358 2224 man-

168 2264 280 2328 datum
302 2265 475 2346 burgravii.

271 2367 475 2450 Rycbnov.

268 2471 427 2554 Rychnov
442 2470 622 2555 op[p]Idum
635 2471 916 2553 16616120166666,
934 2471 1070 2554 quilibet
1082 2470 1179 2537 solvit
1195 2471 1361 2547 annuatIm

167 2574 208 2638 32
231 2592 288 2656 gr„
319 2574 358 2639 de
389 2573 504 2655 quibus
535 2573 632 2638 habet
660 2573 853 2656 burgravius
876 2574 1028 2659 Meynuss
1059 2572 1120 2661 211,
1149 2576 1280 2642 laneum
1304 2594 1359 2660 pro

167 2677 302 2742 servicio
326 2681 359 2741 et
382 2677 489 2742 servit.
534 2678 616 2743 Item
635 2676 734 2760 judex
765 2683 854 2743 tonet
877 2698 974 2745 vinum
997 2679 1134 2745 laneum.
1181 2679 1263 2745 Item
1286 2685 1361 2747 6661

167 2779 313 2845 subsides
347 2780 394 2859 19,
426 2780 562 2862 quilibet
592 2782 689 2846 solvit
719 2781 882 2847 annuatim
913 2783 935 2846 4
965 2801 1021 2868 gr,
1054 2782 1094 2846 de
1124 2781 1242 2863 quibus
1260 2782 1360 2865 judex

166 2883 264 2959 babet
293 2902 392 2949 unum
415 2882 587 2965 subsidam,
619 2903 712 2965 quem
742 2888 872 2950 tenetur
897 2887 1016 2951 habere
1038 2904 1144 2967 preco.
1190 2888 1274 2951 Item
1297 2887 1361 2953 1616

167 2986 351 3055 molendina
380 2989 420 3052 de
450 2987 554 3052 tribus
576 2987 667 3069 rotis,
699 2987 835 3071 quilibet
859 2988 935 3073 [sic]
960 2989 1057 3055 solvit
1080 2990 1247 3057 annuatim
1269 2990 1289 3057 8
1312 3010 1359 3075 gr.

166 3090 247 3156 Item
277 3092 316 3157 de
347 3092 447 3158 berna
476 3093 515 3158 de
546 3091 690 3175 quolibet
720 3093 814 3157 16666
844 3094 886 3158 32
916 3112 973 3174 gn,
1004 3092 1242 3161 delencionales
1272 3096 1287 3160 1
1312 3114 1359 3179 gr,

167 3195 247 3260 Item
270 3195 405 3261 fumales
428 3197 469 3260 de
492 3196 636 3278 quolibet
658 3194 729 3262 Ioco
752 3197 787 3281 11,
806 3200 900 3278 gret
922 3215 978 3280 666
1003 3201 1123 3263 1661666
1146 3200 1166 3263 2
1187 3198 1254 3264 hal.
1278 3199 1360 3265 Item

163 3298 262 3379 judex
294 3298 410 3380 recipit
444 3319 553 3365 omnes
587 3300 697 3382 culpas
730 3304 838 3382 pretor
871 3300 1063 3383 incendium,
1087 3300 1297 3375 homicidium
1328 3309 1361 3366 61

166 3405 320 3482 stuprum,
345 3404 430 3482 quod
453 3403 571 3468 dicitur·
592 3423 697 3484 66666,
728 3405 767 3468 de
791 3405 907 3484 quibus
930 3404 1033 3471 tribus
1051 3404 1153 3487 judex
1175 3404 1274 3473 habet
1296 3409 1360 3471 ter·

165 3506 248 3570 clam
271 3509 403 3587 partem.
450 3507 530 3570 Item
553 3508 592 3570 de
616 3506 760 3589 quolibet
781 3508 875 3573 laneo
908 3510 927 3573 2
955 3508 1060 3590 661166
1083 3514 1117 3573 61
1138 3527 1235 3576 unam
1258 3508 1359 3574 tinam

165 3628 264 3674 avene
288 3612 321 3672 et
343 3627 440 3673 unum
466 3609 575 3675 oblaez
591 3613 715 3691 stuppe.
738 3611 819 3676 Item
833 3630 891 3692 666
908 3610 1056 3677 omnibus
1070 3610 1194 3676 robotis
1209 3615 1361 3677 tenentur·

165 3714 241 3779 dare
265 3714 304 3778 de
328 3710 473 3794 quolibet
490 3713 584 3777 laneo
602 3712 622 3777 3
638 3732 683 3795 gr.
707 3714 788 3778 Item
811 3718 962 3780 16666166
976 3716 1087 3780 venari
1110 3716 1150 3780 ad
1173 3715 1369 3789 mandatum

164 3816 338 3899 burgravii.

267 3920 535 4005 Hoykovecn
610 3947 612 3950 ·

266 4012 353 4092 Villa
375 4024 571 4109 Hoykonecz
594 4022 690 4091 habet
714 4026 731 4091 7
754 4027 875 4109 166666,
907 4025 1043 4109 quilibet
1070 4025 1167 4094 solvit
1190 4028 1358 4101 annuatim

164 4132 206 4199 32
228 4151 274 4214 gr.
297 4132 378 4196 Item
401 4132 440 4196 de
464 4130 625 4196 bernado
649 4130 793 4212 quolibet
814 4131 973 4197 1666632
996 4151 1041 4212 gr.
1064 4136 1097 4196 61
1119 4132 1360 4201 delencionales

169 4241 182 4300 1
208 4258 253 4318 gr.
277 4239 357 4302 Item
379 4237 515 4301 fvrnreles
542 4237 577 4319 11,
604 4255 648 4316 gr.
673 4235 755 4300 Item
778 4235 931 4316 66666166
958 4254 1167 4317 expensarum
1194 4236 1230 4321 11,
1255 4255 1300 4320 gr.
1325 4246 1361 4304 et

164 4358 221 4420 pro
245 4343 364 4417 tortore
388 4341 485 4406 21661.
510 4337 591 4403 Item
612 4339 651 4403 de
667 4337 812 4419 quolibet
825 4338 921 4416 laneo
937 4341 956 4402 2
972 4340 1079 4420 661166
1096 4346 1129 4405 61
1144 4359 1241 4407 arnam
1256 4343 1358 4409 tinam

165 4461 263 4511 avene
287 4447 320 4509 et
342 4462 438 4509 unum
463 4442 572 4511 oblaez
596 4445 719 4523 stuppe.
743 4436 824 4515 Item
847 4442 887 4508 de
911 4438 1037 4508 duobus
1060 4445 1164 4509 166616
1191 4449 1206 4510 1
1228 4464 1358 4537 currum
