2894 4890
184 104 290 177 Villa
314 106 568 175 Gakowieze.

115 218 120 279 i
184 208 362 281 touooiczo
381 210 481 279 hahet
495 212 516 279 8
531 210 740 293 hereditates,
762 220 796 278 et
818 214 965 295 quelibet
985 212 1150 279 hereditas
1166 213 1260 279 solvit

115 312 202 381 huo
221 316 254 385 iu
275 314 423 383 omuibus
440 316 570 399 juribus
592 322 688 398 orout
710 316 973 383 Litboelrowiezo.

181 417 289 487 Villa
310 420 617 489 Mareuewieue.
1286 444 1307 483 s.
1323 444 1354 485 o..

178 523 395 594 Marozewieze
424 524 524 591 babet
552 544 609 591 seu
630 526 827 592 hereditates
851 530 884 589 et
910 528 948 591 13
971 526 1092 604 iugera,
1126 528 1160 589 et
1182 543 1258 605 qure-

108 622 160 691 utet
176 627 337 697 hereditas
359 629 457 697 solvit
479 634 604 696 tautum
636 631 669 697 iu
700 630 847 695 erunibus
875 630 1004 710 juribus
1032 636 1128 711 prout
1151 630 1258 696 Litho-

107 727 237 799 douae.

10 909 40 925 ..
177 835 293 903 Villa
316 835 506 904 Redezie.

23 920 65 1011 ud
174 940 312 1007 uacuo
334 939 431 1007 soluit
461 942 500 1005 de
523 959 621 1007 eeusu
645 940 675 1005 S.
700 940 832 1021 Georgii
864 946 1025 1023 nerag„
1057 948 1090 1007 et
1120 942 1260 1023 quuiuquo

99 1058 196 1121 eures
216 1047 253 1109 et
272 1044 308 1111 iu
330 1044 415 1111 leste
438 1046 469 1113 S.
494 1044 581 1111 Galli
603 1050 728 1110 tautuuu
753 1052 786 1108 et
808 1064 872 1109 nou
895 1046 975 1125 plus.

171 1148 286 1215 Villa
307 1149 642 1233 Nyuussiewicue.

48 1290 50 1305 ι
169 1253 419 1337 Nymssiewieze
451 1254 551 1319 habet
582 1255 623 1319 10
651 1254 850 1319 hereditates
883 1254 989 1319 uriuus
1019 1251 1080 1337 5¹),
1112 1256 1192 1335 jug„
1226 1260 1260 1319 et

91 1356 211 1435 quelibet
231 1356 398 1422 hereditas
421 1357 518 1423 soluit
540 1358 575 1422 in
590 1357 737 1422 erunibus
755 1357 884 1439 juribus
901 1362 995 1438 prout
1011 1358 1259 1438 sur-orruowiozo,

10 1578 44 1626 ee
163 1564 286 1631 Villa
306 1564 585 1631 Zeehowieze.

10 1682 35 1745 uu
162 1668 369 1735 Zeehuwieue
392 1667 489 1733 habet
505 1671 524 1734 8
540 1667 747 1749 hereditates,
772 1677 805 1734 et
821 1670 966 1750 quelibet
980 1670 1143 1735 hereditas
1159 1671 1258 1735 solvit

75 1768 270 1841 homnibus
290 1770 419 1855 juribus
440 1776 536 1853 prout
559 1772 793 1839 Struukowieze
818 1780 952 1857 excepte
975 1774 1116 1841 flumine.

10 1885 16 1933 '¹'
111 1948 115 1955 .
161 1894 471 1962 VillaStaruw.

163 1996 290 2063 Starow
311 1997 412 2063 babet
433 2001 499 2062 tres
521 1997 685 2063 heridates
708 1996 813 2062 miuus
839 1999 880 2065 10
897 1999 1077 2089 jugeribus,
1102 2004 1135 2065 et
1157 2000 1258 2081 queb-

65 2100 117 2166 bet
137 2102 306 2167 hersditas
328 2102 426 2167 solvit
447 2104 573 2166 tautum
596 2101 680 2166 sieut
703 2098 950 2167 Strunkowieue.

166 2203 288 2271 Villa
309 2205 453 2273 Nuziu.

167 2310 274 2375 Nuzin
295 2308 395 2375 habet
417 2306 479 2391 6¹l2
503 2308 711 2389 hereditates,
745 2308 785 2374 de
815 2308 961 2389 qualibet
982 2312 1106 2374 tantum
1130 2310 1258 2375 solvunt

10 2498 12 2503 ,
61 2412 149 2478 sieut
171 2412 437 2479 Struuluowiezie.
662 2482 666 2489 ,

166 2516 287 2582 Villa
308 2517 594 2583 Zbudowieze.

165 2620 376 2687 Zbudowieze
397 2619 497 2686 uiebil
519 2621 608 2686 aliud
631 2620 727 2687 solvit
749 2620 813 2685 uisi
832 2622 846 2684 1
866 2621 906 2702 [l]
931 2640 1036 2701 sesag.
1062 2640 1107 2703 gr.
1123 2622 1156 2687 iu
1172 2620 1255 2687 festo

15 2808 18 2815 Ι
58 2722 89 2788 S.
114 2723 207 2790 Galli
228 2727 263 2790 et
282 2728 409 2790 tautum
431 2725 466 2788 iu
489 2723 572 2790 festo
596 2724 627 2790 S.
652 2723 793 2806 Georgii.

166 2827 282 2895 Villa
303 2827 596 2910 Horssiedli¹).

167 2931 350 2999 Horssiedli
383 2932 481 2998 babet
515 2938 587 2999 octo
621 2935 819 3001 hereditates
842 2939 876 3000 et
897 2935 944 2999 4⁰²
963 2936 1088 3018 jugera,
1124 2940 1157 3000 et
1180 2954 1256 3018 que

58 3036 146 3103 libet
173 3036 341 3102 hereditas
372 3036 470 3102 solvit
491 3037 525 3102 iu
548 3056 646 3103 ceusu
678 3056 738 3121 pro
771 3038 910 3106 termino
931 3036 963 3105 S.
988 3038 1121 3121 Georgii
1144 3042 1187 3108 20
1209 3060 1255 3123 gu.

59 3145 93 3205 et
115 3140 152 3205 in
174 3139 259 3206 festo
282 3138 314 3204 S.
338 3140 424 3206 Galli
448 3146 584 3207 tautum.

165 3237 249 3309 Item
270 3244 305 3309 in
326 3245 440 3309 eadem
463 3244 543 3309 villa
565 3247 694 3311 solvunt
727 3249 807 3313 duos
841 3248 1019 3317 striehoues
1053 3269 1163 3332 avene,
1199 3253 1256 3318 sed

58 3347 208 3412 triticum
231 3352 265 3412 et
286 3347 446 3429 siliginem
469 3367 534 3413 uon
558 3350 695 3416 solvunt.

162 3450 353 3621 {dulbhbbta
361 3471 409 3620 rio
430 3556 627 3622 hereditates
656 3557 764 3622 miuus
790 3559 829 3623 10
848 3558 1029 3641 jugeribus,
1057 3565 1091 3625 et
1112 3562 1257 3645 quelibet

58 3656 226 3723 hereditas
250 3660 346 3724 solvit
369 3659 453 3725 sieut
474 3658 666 3727 Horssiedli.

164 3776 281 3843 Villa
302 3780 520 3861 Nespieze

163 3881 321 3962 Nespieze
343 3884 442 3948 habet
458 3884 521 3971 ον,
540 3884 748 3967 hereditates
765 3890 798 3949 et
814 3886 958 3968 qruelibet
979 3888 1143 3957 hereditas
1160 3891 1256 3958 soluit

59 3988 187 4050 tautum
209 3984 295 4050 sieut
316 3984 518 4070 Horssiedly.
599 4006 604 4019 ·

117 4175 136 4242 ¹)
162 4173 198 4228 ln
216 4171 352 4228 eediee:
379 4174 545 4231 Honssiedli.
