2894 4890
49 346 94 411 τις.
127 312 215 385 berta
237 320 327 387 nullo
351 322 448 387 modo
470 320 573 387 votuit
595 320 788 387 subintrare.
833 320 1104 400 Tenebunturque
1133 317 1289 399 sepedicti

119 416 237 491 buires
261 442 321 490 scu
341 424 448 491 neele
476 426 512 491 in
542 426 687 505 sepefata
708 425 785 490 villa
806 424 988 489 residentes
1009 422 1104 490 nobis
1127 427 1161 487 et
1178 424 1288 489 nostm

110 528 289 595 monsterio
312 528 456 595 antefato
479 530 557 595 dare
586 532 621 593 et
643 529 767 593 solvere
796 529 837 591 de
861 526 1006 607 quolibet
1028 528 1196 593 laneorum
1218 544 1289 607 pre·

104 628 249 697 datorum
282 650 426 699 marcam
458 648 599 713 masam,
633 632 803 711 sexaginta
832 632 854 695 4
887 650 933 711 gr.
968 630 1196 709 continentem,
1230 646 1290 710 pro

49 804 51 813 ,
99 750 185 801 mn
218 736 373 813 annuali;
407 734 502 801 cuius
536 752 644 801 marce
673 734 890 813 medietatem,
925 734 1078 801 videlicet
1106 732 1150 797 32
1179 751 1227 814 gr.
1255 732 1290 797 in

95 836 168 905 sato
191 836 226 905 S.
251 838 398 919 Georgii,
421 838 585 905 residuam
607 838 815 905 medietatem
839 839 873 905 in
894 837 979 905 testo
1002 835 1032 903 S.
1053 836 1140 903 Galli
1165 838 1290 903 solvere

91 942 301 1009 debebuntnr.
340 942 422 1009 Sunt
443 942 545 1010 eciam
567 942 602 1009 in
624 943 770 1024 predicta
793 941 873 1007 villa
894 941 1013 1024 Magna
1035 941 1140 1007 Lbota
1166 944 1289 1022 septem

89 1044 250 1127 subsides,
284 1064 424 1129 qnorum
456 1048 623 1115 subsitum
647 1066 704 1113 sex
725 1066 784 1130 per
808 1048 847 1111 12
871 1064 917 1128 gr.
953 1052 987 1111 et
1019 1046 1175 1127 septimus
1197 1048 1219 1111 8
1243 1064 1289 1127 gr.

49 1232 51 1241 Ι
87 1152 213 1217 solvere
247 1152 345 1218 nobie
377 1153 544 1219 annuatim
574 1152 778 1218 tenebuntur.
824 1153 907 1217 Item
940 1152 981 1216 dc
1015 1150 1162 1232 quolibet
1196 1150 1290 1217 laneo

86 1254 256 1321 debebunt
278 1254 374 1321 nobis
396 1257 479 1322 duos
500 1273 661 1323 messores
692 1257 859 1337 assignare
881 1257 933 1322 vel
954 1271 1013 1338 pro
1036 1255 1133 1321 dictis
1163 1254 1291 1319 duobus

87 1358 293 1425 messoribus
315 1359 409 1426 nobis
438 1362 521 1426 duos
554 1376 601 1440 gr.
636 1361 713 1424 dare
750 1378 809 1425 seu
843 1360 1003 1427 ordInare.
1049 1360 1133 1425 Item
1166 1364 1201 1425 et
1231 1376 1291 1441 pro

86 1464 191 1529 caseis
228 1461 357 1529 solvere
391 1462 509 1528 debent
531 1463 551 1529 2
574 1482 620 1545 gr.
656 1468 690 1527 et
711 1463 732 1526 3
755 1462 820 1527 bal.
856 1482 894 1528 ac
924 1465 944 1527 3
976 1463 1094 1544 pullos.
1141 1460 1290 1529 Ceterum

87 1584 159 1631 enm
193 1567 378 1647 imperator
399 1567 450 1631 vel
479 1586 536 1633 rex
558 1585 618 1633 nos
641 1572 674 1631 et
707 1566 938 1631 monasterium
972 1570 1117 1631 nostrum
1155 1572 1291 1647 quanta-

89 1688 228 1753 cumque
251 1687 380 1735 summa
404 1669 656 1737 contribucionis
680 1668 947 1750 cxaccionaverit,
971 1670 1057 1751 quod
1084 1668 1179 1748 absit,
1203 1674 1291 1733 tene·

88 1774 213 1841 buntrrr
235 1772 341 1839 nostri
363 1774 503 1857 predicti
525 1773 673 1840 homines
698 1773 739 1838 ad
762 1772 882 1838 dictam
918 1772 1197 1839 contributionem
1219 1790 1291 1855 per·

91 1878 283 1945 solvendam
306 1878 347 1943 de
370 1875 516 1961 quolibet
537 1878 633 1942 laneo
659 1896 718 1959 per
739 1877 780 1941 10
795 1894 841 1958 gr.
865 1877 1027 1958 adiuvare,
1051 1879 1084 1941 et
1105 1876 1167 1942 hoc
1190 1876 1290 1943 semel

91 1983 123 2047 in
143 1999 242 2049 anno.
268 1978 305 2046 Si
328 1985 436 2047 autem
456 1980 580 2063 pluries
605 1999 700 2063 quam
724 1980 825 2046 semel
846 1998 906 2046 nos
929 1984 964 2046 et
978 1983 1212 2047 monasterium
1234 2000 1290 2048 no-

95 2091 192 2153 strum
227 2083 397 2166 contingat
430 2085 643 2165 exaccionari,
677 2085 717 2150 de
751 2084 883 2168 proprio
912 2103 972 2149 nos
1007 2085 1084 2151 dare
1108 2090 1142 2150 et
1164 2086 1289 2151 solvere

95 2188 264 2273 oportebit,
286 2191 322 2253 et
343 2188 424 2255 dicti
456 2189 602 2254 homines
636 2187 732 2254 liberi
765 2191 861 2253 erunt
891 2194 925 2253 et
947 2189 1057 2254 soluti.
1104 2186 1183 2254 Cum
1214 2206 1289 2254 vero

98 2294 274 2361 eommunis
297 2311 355 2359 sen
378 2292 538 2375 generalis
567 2293 723 2359 barnatu
745 2295 833 2358 terra
862 2294 994 2359 Boemie
1027 2293 1157 2376 pubIIee
1190 2293 1322 2359 fueritis.
1338 2318 1382 2355 ιι..

98 2391 294 2477 proclamata
326 2414 424 2479 super
456 2415 516 2462 nos
538 2401 572 2461 et
594 2401 743 2463 nostrum
775 2398 1009 2463 monasterium
1039 2415 1076 2462 ac
1107 2398 1173 2463 alia
1206 2402 1291 2463 terre

101 2496 225 2567 Boerme
248 2500 447 2567 monasteria
469 2500 622 2566 universa
643 2505 677 2565 et
700 2519 797 2582 super
820 2519 930 2567 omnes
952 2499 1043 2585 regni
1071 2500 1204 2566 Boemie
1234 2500 1291 2565 do-

102 2606 207 2689 minos,
244 2608 365 2672 extunc
395 2606 554 2687 integram
585 2605 727 2685 bernam,
762 2605 916 2671 videlicet
937 2606 980 2671 33
1003 2624 1049 2688 gr.
1072 2604 1112 2670 de
1147 2604 1293 2686 quolibet

104 2706 186 2775 bueo
209 2707 309 2774 nobis
332 2709 456 2776 solvere
485 2710 692 2776 tenebuntur.
738 2708 900 2786 Quotiens
934 2711 1175 2792 eciameumque
1208 2710 1294 2774 inter

49 2803 50 2809 ἵ
103 2811 237 2891 penus
270 2810 421 2879 homines
445 2818 573 2878 nostros
597 2814 707 2895 aliqua
725 2813 900 2894 judicanda
933 2815 1125 2879 emerserint
1148 2813 1199 2878 vel
1222 2814 1292 2893 qui-

105 2932 234 2998 cumque
256 2916 402 2997 ipsorum
426 2916 646 2999 adjudicium
668 2915 789 2980 fuerint
812 2935 851 2980 ex
874 2917 1069 2981 necessitate
1103 2916 1292 2995 advocandi,

105 3018 215 3087 debent
232 3018 358 3104 jndicio
382 3020 507 3101 sistere,
544 3024 692 3103 spectare
715 3025 748 3085 et
770 3038 884 3102 parere
906 3021 941 3085 in
964 3018 1094 3084 Owczar
1116 3022 1150 3082 et
1172 3018 1293 3084 ibidem

105 3124 191 3191 stab
213 3120 329 3189 eodem
348 3122 459 3205 judice
479 3124 630 3206 judicari,
661 3123 712 3187 vei
742 3123 953 3205 quiscumque
977 3142 997 3186 a
1018 3123 1111 3188 nobis
1141 3123 1183 3187 ad
1206 3120 1294 3205 judi-

104 3229 235 3297 tandnm
256 3226 338 3293 illuc
357 3226 457 3292 tuerit
479 3230 669 3294 destinatus.
695 3227 823 3292 Habent
838 3229 940 3294 eciam
963 3228 1122 3309 sepedicti
1146 3226 1293 3292 homines

104 3332 202 3399 nostri
224 3350 284 3414 pro
308 3332 531 3396 communibus
554 3331 694 3413 pascuis,
726 3350 787 3413 que
819 3332 987 3414 wlgaritcr.
1003 3330 1106 3413 draby
1126 3332 1294 3396 nominan-

104 3440 160 3518 tur,
184 3437 224 3522 ¹,I‚
248 3436 381 3502 laneum
403 3436 541 3502 liberum
571 3440 604 3501 et
634 3436 777 3501 solutum
806 3454 919 3503 verens
949 3437 1060 3502 villam
1090 3436 1210 3501 dictam
1232 3437 1294 3517 By·

104 3538 203 3622 cbors,
226 3537 268 3605 de
290 3558 355 3621 que
375 3538 413 3626 ¹f,
431 3539 524 3605 laneo
547 3540 641 3606 nobis
658 3544 692 3605 ct
706 3546 817 3606 nostro
833 3542 1031 3607 monasterio
1045 3534 1146 3605 nichil
1161 3539 1292 3620 penitus

104 3642 226 3710 solvere
247 3642 454 3709 tenebuntur.
484 3645 623 3726 Insuper
645 3644 906 3726 recognoscimus
929 3644 1100 3722 universis,
1125 3642 1211 3723 quod
1233 3661 1293 3706 nos

103 3751 133 3812 et
163 3749 396 3814 monasterium
429 3752 575 3813 nostrum
605 3746 639 3812 in
660 3748 806 3828 predicta
838 3746 917 3812 villa
939 3746 1045 3811 Lbota
1081 3746 1203 3810 curiam
1236 3763 1295 3810 seu

103 3853 267 3935 grangiam
289 3869 362 3915 cum
384 3851 491 3917 tribus
514 3852 618 3916 laneis
639 3850 812 3915 babuimus
844 3850 980 3914 liberam
1010 3853 1044 3915 et
1074 3850 1223 3927 solutam,
1254 3850 1295 3914 ad

103 3954 332 4021 monasterium
355 3959 500 4020 nostrum
522 3953 563 4019 de
592 3954 666 4036 jure
698 3957 908 4035 spectantem,
943 3969 1039 4033 quam
1068 3952 1193 4016 cumam
1222 3970 1295 4016 cum

103 4056 198 4125 dictis
226 4056 332 4123 tribus
365 4059 469 4124 laneis
492 4062 526 4123 et
548 4058 720 4123 structuris
743 4055 927 4128 bominibus
949 4055 1073 4121 nostris
1095 4054 1129 4119 in
1151 4053 1224 4137 ipsa
1245 4075 1295 4121 re-

103 4160 284 4229 sidentibus
307 4162 385 4227 villa
405 4161 610 4229 rendidImus
633 4165 667 4225 et
695 4159 901 4242 presentibus
929 4159 1115 4225 vendidisse
1146 4158 1295 4242 fatemur,

103 4264 254 4331 videlicet
275 4265 411 4348 Nyciino
434 4265 522 4332 dicto
539 4264 644 4330 Greus
660 4268 693 4329 et
707 4261 880 4347 Myertlino
904 4280 976 4328 cnm
998 4262 1097 4329 sociis
1120 4265 1190 4331 suis
1212 4265 1296 4347 ipsis

102 4367 136 4437 iu
155 4370 218 4435 bao
240 4368 471 4437 adherentibus
493 4369 660 4450 empcione
680 4386 739 4449 pro
756 4368 798 4433 24
815 4384 923 4447 sesag.
946 4385 992 4449 gr.
1015 4385 1177 4449 pragens,
1201 4388 1297 4452 quam
