2894 4890
1204 192 1248 263 85

115 399 258 486 'Oleyn
281 402 324 469 de
353 400 495 469 Nebriob
525 401 717 469 seminatum
748 402 846 467 debet
874 403 976 469 eciam
1007 408 1118 469 tenere
1150 419 1253 485 usque

159 505 347 589 predictos,
370 522 537 589 quousque
552 506 593 573 ad
608 511 729 573 etatem
744 524 807 572 non
822 506 1034 588 pervenerint.
1057 506 1101 573 Et
1123 507 1252 591 quando

101 609 177 677 'ad
197 628 310 677 annos
330 610 571 692 personemus
607 616 724 677 extunc
753 610 824 692 ipse
847 606 977 677 Hodacz
1006 610 1102 677 debet
1131 610 1253 677 eisdem

76 712 205 799 Jbonis
228 714 349 781 cedere
381 715 433 781 rel
461 713 562 781 eciam
593 716 723 782 eosdem
755 733 872 795 emere,
907 719 1004 796 prout
1025 714 1089 796 ipsi
1110 715 1255 797 poterint

146 819 261 885 rdare.
300 816 524 885 Fideiussores
545 836 603 900 pro
626 819 740 885 eodem
762 817 881 885 Matios
903 818 1010 885 dictus
1031 817 1150 900 Moab,
1172 818 1252 883 Bar·

69 904 236 997 lcumena
255 926 291 989 a
305 921 420 987 mnan
436 923 479 990 os
492 920 644 1005 aennon,
667 919 753 989 crux
772 921 901 1002 narsem,
925 938 1035 989 omno
1057 922 1093 987 rn
1114 921 1254 991 ornum

69 1040 145 1099 unu
166 1026 326 1095 indivisa.

73 1172 90 1203 ι.
150 1131 256 1199 Nota.
302 1131 395 1199 Anno
425 1148 490 1215 quo
524 1151 622 1215 supra
659 1131 821 1199 dominica
848 1132 967 1199 Letare
999 1150 1108 1200 coram
1139 1131 1254 1198 eodem

69 1234 169 1311 msto
202 1242 243 1302 et
274 1236 442 1319 preposito
475 1240 510 1303 et
541 1233 774 1303 Scomrochonc
808 1237 849 1302 de
882 1237 1006 1305 Blazim
1038 1235 1179 1303 Michocl
1210 1236 1252 1303 de

69 1338 242 1427 lobjrieh
275 1340 452 1423 resumpsit
481 1342 566 1407 bona
589 1342 803 1423 orphanorum
830 1341 913 1408 bone
943 1342 1096 1408 memorie
1118 1339 1252 1420 Mathia

69 1440 109 1515 lu
139 1446 270 1513 ibidem
304 1444 346 1510 de
374 1444 514 1511 Nebrich
543 1444 697 1512 videlicet
726 1445 822 1526 Galli,
852 1446 968 1512 Jaccbi
998 1450 1032 1512 et
1053 1444 1197 1511 Marzcze
1219 1446 1255 1507 et

69 1544 198 1637 llpncze
220 1586 267 1599 -
288 1550 384 1632 pueri
405 1549 508 1632 ipsius
530 1547 654 1615 Mathis
676 1586 719 1598 -
749 1550 868 1615 mxatis
895 1568 954 1631 per
975 1550 1133 1616 discretos
1155 1550 1252 1631 viros,

69 1652 206 1723 ldelicet
231 1651 501 1719 Seomrocbonem
517 1657 551 1718 et
570 1653 615 1737 [a]
634 1654 782 1736 pluribus
800 1654 946 1735 personis
965 1654 1052 1719 dicte
1070 1654 1146 1719 uilla
1167 1654 1254 1721 bona

69 1759 223 1843 operiere
245 1758 290 1824 ad
318 1757 339 1822 8
369 1775 487 1839 sexam,
520 1756 673 1823 videlieet
700 1775 847 1839 peccora,
877 1757 1045 1840 peccudes,
1076 1773 1188 1823 currus
1218 1762 1252 1821 et

69 1862 115 1931 lia
135 1861 383 1946 suppellectilia
404 1862 536 1942 domum
565 1867 599 1928 et
628 1862 714 1945 quod
742 1862 908 1945 predictus
937 1861 1076 1928 Michael
1100 1861 1198 1928 debet
1218 1866 1253 1927 et

69 1972 180 2035 uretur
202 1968 299 2050 ipsos
319 1965 427 2033 fovere
450 1972 484 2033 et
506 1967 649 2034 enutrire
673 1985 731 2050 per
753 1967 890 2033 8annos
913 1971 1051 2047 mutum,
1073 1970 1107 2031 et
1129 1966 1252 2033 eisdem

69 2070 207 2156 rpbanis
232 2069 332 2137 debet
352 2070 475 2137 cedere.
520 2070 563 2135 Et
590 2071 755 2152 predictus
777 2070 916 2136 Michael
939 2071 1037 2139 debet
1058 2072 1251 2137 condescen-

69 2176 126 2243 lere
159 2175 246 2259 ipsis
278 2173 430 2256 orphanis
460 2192 561 2239 unum
581 2175 710 2239 laneum
734 2176 830 2240 etde
853 2173 940 2241 dicto
963 2176 1057 2242 laneo
1080 2192 1152 2241 cum
1175 2193 1251 2242 con·

69 2279 172 2347 borali
202 2298 266 2346 sua
294 2279 392 2345 debet
413 2279 532 2344 habero
556 2278 700 2360 quintam
722 2284 849 2360 partem
870 2279 1010 2362 predicti
1038 2279 1126 2346 lanei
1156 2279 1251 2345 semi·

69 2386 127 2452 mu
173 2382 406 2451 Fideiussores
438 2382 579 2451 Mathiss
610 2383 728 2466 Rueck,
759 2383 871 2465 Barth,
903 2383 1053 2467 Rzehak‚
1085 2383 1251 2451 Johaunes

69 2493 151 2556 rator
170 2486 349 2555 Michaelis
369 2488 411 2553 de
432 2486 581 2554 Nebrioh.

153 2591 256 2660 Nota.
307 2592 399 2658 Anno
433 2592 555 2658 domini
584 2589 834 2659 M⁰ccoc⁰xv⁰
864 2610 970 2659 coram
999 2592 1093 2659 nobie
1114 2589 1250 2657 Nicolao
1263 2599 1344 2644 bub-

69 2697 182 2781 mate,
208 2695 370 2779 Mutislaa
400 2698 566 2780 preposito
589 2698 779 2763 monasterii
802 2697 1025 2767 Ostroweneis.
1069 2695 1248 2763 Katberine

69 2802 197 2885 rpbano
222 2802 385 2883 quondam
407 2800 584 2868 Marssonis
609 2802 650 2868 de
673 2800 937 2868 Maczcouicz
959 2802 1076 2868 Petrus
1097 2800 1133 2867 in
1153 2801 1249 2869 bonis

69 2907 152 2989 psius
173 2905 327 2973 residens
347 2906 446 2972 debet
467 2905 545 2971 dare
571 2905 611 2971 15
642 2924 749 2988 sesag.
774 2925 820 2989 gr.
845 2924 918 2971 eum
941 2906 984 2971 ad
1005 2921 1108 2971 annos
1129 2904 1250 2969 discre-

69 3010 152 3078 ionis
173 3009 372 3093 pervenerit
410 3008 632 3076 Fideiussores
654 3008 873 3090 wenceslaus,
897 3009 1030 3089 Marriln
1055 3007 1187 3089 Stiepan
1208 3008 1251 3074 de

69 3112 258 3198 Praebenica
281 3115 392 3183 Suach
407 3116 447 3182 de
462 3115 674 3196 Maczcouicz,
696 3111 820 3180 Miless
835 3115 875 3179 do
889 3112 1090 3193 Miechinicr‚
1114 3111 1251 3179 Paczass

69 3220 288 3302 ePrrieuom
322 3219 491 3286 Marnatka
519 3221 559 3287 de
589 3218 800 3294 Maczcouicz‚
830 3217 970 3284 Mathiss
991 3217 1032 3284 de
1054 3217 1166 3283 Krnan
1188 3220 1249 3283 etc.

154 3325 247 3392 Nota
269 3343 353 3391 anno
368 3325 491 3391 domini
506 3344 570 3406 quo
588 3343 696 3406 supra.
721 3323 838 3390 Coram
861 3322 955 3389 nobis
969 3321 1104 3389 Nicolao
1120 3322 1250 3403 abbate,

69 3427 206 3497 istislao
227 3430 405 3512 preposito.
429 3429 593 3512 Orphanis
607 3428 766 3495 Johonnis
789 3428 950 3510 quondam
974 3428 1054 3494 dicti
1076 3426 1188 3493 Zubak
1209 3428 1251 3492 de

69 3532 304 3619 lyakouycn
326 3533 431 3599 Jacub
451 3535 491 3600 de
509 3533 696 3617 Gyakovycz
720 3533 817 3600 debet
832 3535 909 3600 dare
924 3534 942 3599 7
960 3551 1068 3614 sesag.
1084 3536 1119 3597 et
1134 3531 1176 3595 20
1190 3547 1250 3612 ga,

69 3658 125 3705 um
146 3640 194 3705 ad
215 3656 318 3704 annos
332 3638 540 3706 discrecionis
555 3641 770 3722 pervenerint,
794 3640 835 3705 de
858 3655 993 3720 quorum
1014 3637 1109 3703 bonis
1130 3634 1251 3701 taxatis

69 3762 109 3810 rer
121 3742 276 3810 homines
291 3743 366 3810 ville
387 3744 478 3811 illius
491 3744 655 3826 predictus
678 3744 819 3811 Jacobus
842 3762 876 3810 se
894 3740 1080 3808 intromisit.
1103 3736 1248 3804 moeru-

69 3866 141 3917 ores
156 3846 280 3930 Mores,
303 3846 423 3913 Peehta
441 3853 475 3913 et
492 3845 580 3914 filius
598 3849 736 3931 predicti
754 3849 774 3914 J
777 3847 873 3914 akobi
881 3845 996 3933 :dictus
1011 3842 1136 3925 Hodan,
1152 3858 1249 3907 manu

69 3970 163 4021 »mnes
183 3952 336 4020 indivisa.

137 4056 254 4124 'Nota
279 4053 370 4123 Anno
393 4057 515 4124 domini
530 4055 732 4125 mcccciv.
744 4053 827 4123 feria
848 4055 963 4138 quinta
983 4053 1018 4119 iu
1039 4052 1093 4120 die
1108 4051 1157 4120 Sti
1170 4045 1249 4117 moa

69 4162 138 4247 mpii
170 4158 367 4228 confessoris
392 4162 428 4247 [4
456 4161 535 4247 Jul]
559 4180 667 4229 coram
685 4160 780 4227 uobis¹
793 4159 928 4227 Nicolao
950 4160 1076 4239 abbata,
1100 4156 1249 4224 Metielao

69 4267 224 4353 preposito
246 4262 364 4334 Petrus
386 4268 508 4334 Loreon
531 4271 631 4335 cliens
654 4267 693 4333 de
716 4264 941 4346 Brat[r]rinow
967 4259 1194 4330 condescendit
1214 4258 1249 4328 in
1383 4317 1385 4319 ,

69 4366 149 4439 bonis
172 4366 242 4438 suis
256 4372 293 4438 in
308 4372 500 4458 hereditate,
517 4389 612 4456 qoam
627 4376 720 4439 tenet
735 4375 769 4437 et
790 4370 936 4452 possidet
957 4366 1077 4434 ibidem
1098 4367 1134 4433 in
1156 4368 1249 4432 Bru

70 4472 246 4564 terinos,
269 4476 304 4542 io
327 4479 417 4544 curia
439 4483 475 4544 et
495 4478 677 4545 hereditate
709 4474 896 4559 supradicta
917 4468 1248 4558 Brat[r]zinow-=con·'
