2894 4890
175 178 238 243 234

168 402 201 447 1n
223 385 379 452 Podmokl
403 389 541 466 dampno
559 396 592 454 ct
608 389 821 455 beralitatum
844 391 987 472 ipsorum
1010 393 1190 458 emersione
1208 391 1375 473 perfio'uh

168 491 381 569 nequivimus.
406 493 469 556 nisi
493 493 585 558 lieret
608 494 763 559 bonornrn
795 496 994 574 permutacio
1016 502 1051 560 et
1072 497 1268 562 monastario
1293 497 1375 578 js·

168 593 253 658 dicto
277 593 470 661 satisfactio.
517 599 553 662 ln
577 616 642 677 oua
663 599 792 678 quidem
824 598 930 665 media
961 598 1038 663 villa
1066 598 1184 680 prelati
1215 594 1375 683 domind

169 697 268 761 abbas
291 715 362 764 cunr
384 719 442 763 sno
466 706 625 767 conventu
648 702 727 766 derit
749 706 782 765 11
804 702 949 781 resignat
979 703 1073 769 nobis
1105 709 1138 767 st
1167 702 1375 773 mousom

168 805 277 865 inostro
311 802 455 867 hominos
489 823 564 867 suos
587 804 718 883 ibidem,
754 821 956 884 possessores
982 808 1021 871 10
1043 808 1226 886 laneorum
1259 812 1293 873 et
1308 806 1375 877 »tm

167 905 289 971 eisdem
322 906 425 971 laneis
458 912 491 971 et
524 908 707 973 hominibus
744 910 783 971 14
805 927 910 989 sesag.
947 927 1102 975 censuum
1136 911 1265 977 divisim
1288 906 1375 993 perd

168 1010 318 1089 cipiendi,
351 1009 501 1075 videlicet
523 1011 556 1075 in
579 1011 663 1075 festo
687 1010 717 1074 S.
744 1011 877 1093 Georgii
900 1014 917 1076 t
943 1033 1050 1095 sesag.
1075 1019 1108 1078 et
1130 1014 1272 1081 infesto
1292 1013 1375 1083 ucat

169 1113 255 1178 Galli
278 1114 423 1193 totidem,
446 1120 480 1178 11
502 1116 541 1179 de
564 1117 664 1180 berne
686 1117 776 1196 regis
798 1116 891 1181 annis
915 1116 1052 1197 singulis
1074 1115 1136 1201 3¹l,
1161 1137 1281 1200 sexam,
1313 1118 1358 1207 11·Ι

168 1215 285 1281 delicet
315 1218 356 1282 de
379 1218 524 1298 quolibet
553 1219 770 1298 predictorum
800 1219 966 1285 laneorum
996 1222 1089 1287 laneo
1113 1224 1152 1287 21
1178 1241 1238 1304 gr,
1268 1225 1362 1291 otiu

168 1320 239 1401 ipse
262 1320 339 1385 ville
361 1341 454 1386 omne
480 1323 545 1403 jus,
575 1323 660 1402 quod
696 1324 774 1403 ipsis
798 1324 1000 1404 competebat
1021 1344 1079 1389 seu
1102 1332 1286 1406 competere
1306 1339 1362 1409 pas

168 1429 262 1489 terat.
308 1425 350 1490 Et
381 1446 439 1491 nos
471 1427 605 1492 eandem
629 1426 737 1491 villum
760 1431 903 1492 nostram
925 1426 1103 1507 Vgiezdccz
1125 1430 1197 1494 vice
1228 1434 1263 1508 et
1292 1431 1362 1497 loca

95 1569 99 1578 ·
128 1554 144 1578 a·
168 1528 332 1609 Podmokl,
354 1530 437 1594 sicin
453 1530 613 1610 prefertur
629 1535 851 1611 permutatam,
876 1550 949 1597 curn
964 1532 1111 1599 omnibns
1128 1534 1225 1615 agris,
1250 1535 1367 1615 prades

168 1636 307 1715 pascuis,
329 1635 515 1715 palludibus
539 1640 636 1714 atque
659 1634 731 1699 aliis
755 1635 953 1701 utilitatibus
976 1644 1014 1710 et
1031 1636 1249 1717 pertinenciis,
1270 1639 1364 1719 iuxta

168 1746 204 1807 ut
226 1739 260 1809 in
283 1741 352 1805 suis
375 1739 470 1804 metis
493 1739 532 1803 ab
557 1740 690 1820 antiquo
706 1745 756 1804 est
776 1739 925 1820 limitata,
948 1740 1035 1804 omni
1053 1757 1093 1827 eo
1112 1741 1197 1822 jure,
1221 1758 1287 1823 qno
1302 1740 1366 1815 soli

167 1845 329 1909 tennirnns
352 1850 385 1907 et
408 1849 541 1908 actenus
564 1843 774 1923 possedimus,
800 1845 1031 1922 prenominatis
1052 1844 1181 1911 domino
1202 1844 1316 1911 abbati
1331 1850 1364 1920 ot¹

168 1949 340 2012 conventui
373 1953 405 2012 et
437 1947 614 2011 monasteri
646 1948 787 2027 ipsorurn
823 1947 968 2011 dedimus
997 1952 1030 2011 et
1055 1949 1294 2030 resignavimus
1329 1958 1362 2017 et

166 2052 369 2130 presentibus
393 2052 595 2131 resignemus
618 2056 651 2115 et
672 2050 897 2116 confirmamus
920 2051 1014 2131 pleno
1034 2053 1108 2133 jure
1130 2054 1364 2136 plenoquedo-

167 2156 275 2235 minio,
310 2157 534 2234 promittentes
565 2155 644 2235 ipsis
667 2154 730 2220 fide
753 2155 878 2220 sincero
901 2159 934 2218 et
956 2155 1025 2221 sine
1048 2155 1162 2236 quovis
1184 2158 1260 2223 dolo
1291 2177 1363 2239 pre-

167 2261 287 2325 dictam
303 2259 412 2324 rillam
434 2260 474 2324 ab
498 2259 584 2322 omni
606 2258 856 2340 proscriptione,
880 2258 1080 2341 obligacione
1103 2267 1138 2324 et
1159 2263 1275 2341 quasis
1297 2263 1364 2336 alis

168 2363 381 2444 oocupacione
414 2381 472 2428 seu
509 2362 671 2444 legittima
703 2363 897 2442 inpeticione
934 2361 1136 2444 disbrigare,
1180 2371 1279 2447 prout
1308 2367 1364 2447 jus

166 2473 253 2533 terre
268 2472 301 2532 et
316 2484 432 2532 corone
456 2466 643 2548 expostulet
665 2472 698 2530 et
720 2467 867 2547 requirit.
892 2467 929 2533 ln
953 2468 1043 2531 cuins
1067 2469 1115 2531 rei
1137 2467 1362 2544 testimonium

167 2578 200 2637 et
222 2573 320 2637 robur
342 2576 496 2653 perpetue
519 2570 700 2635 ualiturum
724 2569 833 2650 sigillo
862 2576 982 2652 nostra,
1016 2571 1167 2637 videlicet
1195 2571 1364 2643 abbatisse

167 2682 200 2747 et
222 2680 398 2741 conventus
421 2674 461 2739 de
484 2679 572 2739 certa
594 2679 706 2739 nostra
727 2675 868 2739 sciencia
888 2675 1090 2757 presentibus
1111 2680 1187 2741 sunt
1206 2693 1365 2759 appensa.-

166 2781 247 2845 Acte
271 2784 346 2845 sunt
367 2779 427 2843 bec
457 2796 540 2843 enno
564 2779 685 2844 domini
709 2775 937 2859 Musconis,
973 2778 1055 2845 ferio
1078 2786 1168 2845 sexta
1189 2781 1224 2849 in
1247 2781 1363 2865 uigilia

167 2882 234 2950 Soti
259 2884 429 2948 Laurencii
451 2883 592 2948 martiris
615 2883 758 2964 gloriosi.

268 2988 545 3069 Priuilegium
569 3006 695 3070 super
721 2987 891 3068 judicio
914 2994 955 3052 11
977 2988 1230 3071 emphiteosi
1253 2990 1363 3059 villa

168 3092 420 3176 ngandecn

265 3199 302 3263 In
325 3199 453 3263 nomine
468 3199 599 3264 domini.
623 3197 734 3262 Arnen.
762 3194 894 3277 Cuncta,
918 3214 980 3277 qne
995 3201 1135 3278 aguntur
1150 3198 1184 3262 in
1200 3202 1357 3278 tempore,

166 3322 205 3367 ne
229 3303 325 3368 simul
348 3321 419 3367 omn
443 3303 536 3382 lapsu
559 3302 712 3381 temporis
735 3320 754 3363 a
776 3301 931 3365 memoria
953 3300 1117 3367 hominurn
1152 3292 1362 3381 evanescant,

167 3405 271 3471 solent
294 3407 526 3487 scripturarum
549 3405 734 3470 testimonio
759 3405 961 3486 perbennari.
985 3405 1141 3471 Nouerint
1163 3405 1264 3486 igitur
1287 3425 1362 3489 pru·

167 3514 273 3575 sentes
297 3514 330 3572 et
352 3510 473 3590 posteri
495 3515 676 3590 presentem
707 3511 857 3590 paginam
887 3509 1074 3589 inspecturi,
1109 3511 1194 3590 quod
1216 3529 1276 3577 nos
1300 3509 1362 3575 Po-

166 3615 266 3695 dywa,
300 3612 546 3679 archidiaconns
569 3612 787 3692 Becninensis,
822 3615 971 3679 dominns
995 3613 1121 3681 Sdenko
1152 3618 1186 3679 et
1207 3613 1362 3681 dominus

166 3718 269 3783 Lucas
291 3718 408 3783 fratres
430 3719 469 3783 de
492 3715 619 3781 Kladne
646 3716 856 3781 hereditatem
888 3723 1031 3783 nostram
1053 3717 1239 3800 ngerdecz
1261 3719 1361 3799 wlga-

165 3823 246 3888 riter
267 3828 494 3905 nuncupatem,
526 3822 562 3886 17
587 3822 697 3887 laneos
721 3840 791 3887 curn
814 3821 948 3887 dimidio
972 3840 1120 3903 agrorum
1144 3821 1302 3889 cultorum
1326 3828 1361 3893 et

165 3927 360 4001 incultorum
382 3929 417 3993 in
440 3928 510 3993 suis
533 3926 679 4006 terminis
702 3925 928 4005 continentem,
953 3927 1042 3991 cuius
1066 3925 1289 3993 condicionem
1304 3946 1360 3995 ou·

165 4031 270 4111 pimus
292 4031 363 4098 fieri
385 4031 561 4111 meliorem,
586 4029 790 4112 exposuimus
814 4030 875 4093 rite
899 4035 933 4094 11
954 4029 1196 4099 racionabiliter
1217 4029 1361 4103 discreto

166 4135 233 4200 viro
246 4135 366 4207 Marco
390 4136 430 4200 de
452 4136 543 4202 Novo
565 4134 660 4214 willa,
685 4135 878 4200 conducenti
901 4139 934 4198 et
955 4134 1126 4215 recipienti
1150 4152 1208 4217 pro
1231 4153 1275 4212 se,
1302 4135 1361 4210 lra-¹

166 4240 296 4304 cedibus
311 4246 344 4305 et
360 4240 601 4307 successoribus
617 4241 694 4317 suis,
718 4240 762 4301 im
778 4243 969 4318 perpetuum
992 4239 1033 4303 acl
1051 4240 1105 4319 jus
1129 4238 1359 4319 amphiotituttt

166 4360 223 4407 seu
245 4343 486 4422 theutonicum
519 4343 654 4415 daturus
677 4345 712 4405 et
742 4341 906 4415 soluturus
939 4340 1032 4405 nobis
1065 4343 1105 4407 de
1139 4342 1358 4423 predictorum

167 4446 207 4522 16
230 4445 303 4527 [sio]
337 4449 503 4523 laneorum
526 4443 673 4524 quonnss
701 4442 947 4521 64sutcn0nes
961 4446 1144 4521 secundum
1174 4464 1360 4541 mensurnus
