2894 4890
158 190 223 259 210

224 397 308 462 Villa
330 399 422 464 Zelez
444 412 517 464 cum
546 394 727 479 privilegio.
846 392 1384 485 GazacircaKartbusiampen:
1336 394 1340 399 ’

222 501 430 582 Privilegium
443 501 729 581 superconsumin
783 507 927 567 stratam

157 605 316 687 Buczyna.
847 605 886 672 In
901 606 1033 671 civitate
1049 605 1206 671 Pontcnsi
1220 604 1268 670 sal
1280 536 1384 685 πάξ·-Σ

223 707 309 773 Villa
330 708 498 792 Zemyecb.
783 708 962 791 privilegio.
1370 740 1372 745 ⁸

224 812 311 878 Villa
334 811 551 893 Stankovycz.
849 808 948 878 Curia
968 810 1116 895 Petrzyn.
1352 862 1374 877 ..

225 915 310 982 Villa
332 915 469 999 Bvesna.
848 915 1055 998 Privilegium
1069 914 1232 981 lobannis
1252 912 1383 995 seru,

223 1019 311 1086 Villa
333 1019 468 1085 chaber.
786 1037 883 1101 super
905 1021 1008 1086 vinea
1096 1028 1099 1033 ’

229 1123 315 1190 Villa
337 1121 478 1190 Sedlecz.
850 1124 1058 1207 Privilegium
1084 1121 1268 1190 Wenceslai
1292 1055 1385 1220 Kw}

227 1228 309 1293 Item
332 1226 550 1309 Tryskowycz.
785 1230 859 1297 tbas
883 1248 980 1313 super
1002 1229 1106 1295 vinee

224 1333 306 1396 Item
329 1329 563 1412 Sczecbovycz.
851 1332 1057 1416 Privilegium
1073 1329 1259 1398 wenceslai
1273 1330 1351 1396 Huc·
1381 1387 1385 1394 .

229 1434 316 1501 Villa
338 1434 472 1500 Motbol.
785 1435 905 1504 wiczka
928 1456 1024 1519 super
1046 1437 1149 1502 vinea.
1383 1493 1385 1500 .

230 1538 313 1604 Villa
336 1537 549 1622 Hluboczrpy.
850 1540 1062 1623 Privilegium
1094 1537 1226 1605 Slechta
1264 1556 1354 1622 strper

227 1643 313 1709 Villa
335 1643 497 1710 Kossierz.
786 1648 887 1712 vinea.

227 1749 308 1813 ltem
331 1748 551 1814 Poborzelccz.
850 1749 1057 1831 Privilogium
1073 1744 1142 1814 viu
1165 1752 1201 1813 11
1220 1745 1356 1828 Nicolay

227 1849 312 1916 Villa
335 1852 565 1934 Trnessovvycz.
787 1874 883 1937 super
905 1856 1007 1920 vinea.

225 1957 305 2020 Item
329 1955 440 2023 Sarka.
631 2013 634 2019 .
850 1957 1058 2040 Privileglum
1086 1954 1248 2023 «lobannis
1278 1953 1357 2020 dicti

226 2059 334 2126 Obora
355 2060 535 2143 Pragonsis.
634 2135 636 2139 ,
786 2064 876 2129 Kosa
896 2080 994 2145 super
1016 2061 1119 2127 vinea

226 2163 433 2247 Privilegium
455 2165 642 2248 braseatory
668 2168 733 2248 pri·
850 2166 952 2234 Vince
974 2167 1009 2231 ln
1031 2164 1238 2231 monasterio.

163 2268 272 2334 moin
295 2265 413 2334 Obora.
850 2271 951 2337 Vlnee
973 2271 1008 2335 iu
1030 2267 1166 2335 Bursks.

228 2370 316 2437 Gaza
346 2371 431 2437 circa
461 2372 669 2438 Karthusiam
699 2375 733 2439 11

163 2477 255 2556 rippa
279 2494 371 2558 aquo.

88 2601 100 2638 ·.
124 2611 142 2639 1
271 2575 379 2666 [Clam
411 2580 551 2647 bumana
573 2600 671 2664 opera
693 2584 727 2648 11
750 2605 785 2651 11
808 2585 874 2650 sint
894 2583 1006 2650 labilia
1025 2586 1061 2645 et
1081 2599 1102 2645 a
1123 2580 1282 2647 memoria
1303 2580 1359 2644 11-

162 2686 293 2764 minum,
316 2702 377 2765 que
399 2684 580 2750 labilist
529 2691 620 2750 este
622 2689 788 2763 t‚caduca
812 2683 1357 2764 111111111111111111111111111

162 2788 253 2867 utile,
278 2794 733 2871 1111111111,111111111
698 2799 803 2873 1111,
837 2813 898 2874 que
929 2791 969 2855 ab
999 2787 1183 2853 bominibus
1211 2786 1357 2852 11111111

162 2890 313 2956 feritatur
336 2889 422 2977 [sic],
447 2894 605 2975 scripture
636 2897 777 2976 presidio
803 2896 995 2961 roborentur
1024 2894 1065 2957 od
1096 2895 1261 2972 gestorum
1292 2908 1358 2954 me·

163 2997 296 3062 moriam
319 2996 557 3079 sempiternam.

260 3099 328 3166 Nos
357 3100 458 3182 igitur
487 3102 639 3168 Petrus
673 3105 721 3168 de
756 3102 996 3182 Cracbrow,
1031 3102 1131 3168 abbas
1163 3099 1357 3165 1111111111

163 3205 281 3270 montis
304 3206 389 3286 Syon
412 3205 493 3269 alias
517 3204 767 3272 Strobowiensis
797 3209 832 3272 in
855 3207 960 3288 Praga
989 3205 1112 3271 ordinis
1134 3203 1355 3271 Premonstra·

162 3309 273 3388 tensis,
297 3309 394 3372 huius
416 3309 528 3374 mundi
550 3309 771 3392 fragillitatem
794 3310 1038 3391 perpendentes,
1061 3313 1129 3373 tam
1149 3306 1355 3388 presentibus

163 3431 256 3492 1111
287 3409 403 3474 futuris
434 3411 512 3476 dicti
543 3414 729 3478 monasterii
763 3413 982 3493 provisoribus
1013 3430 1051 3476 ac
1080 3409 1354 3492 procuratoribus,

162 3514 268 3595 quoad
296 3512 380 3578 bona
410 3514 489 3578 dicti
518 3518 707 3581 monasterii
736 3517 899 3597 deputatis
930 3533 988 3582 seu
1022 3514 1229 3596 deputandis
1259 3512 1354 3579 iudu-

162 3620 275 3684 striam
297 3635 469 3699 procurare
492 3624 525 3682 et
547 3620 703 3685 instillare
727 3621 873 3686 volentes
898 3621 1081 3701 specialem,
1106 3636 1218 3684 omnes
1241 3621 1277 3682 et
1291 3615 1355 3682 sin-

164 3726 256 3807 gulos
288 3723 412 3789 tructus
445 3741 607 3802 censuum,
637 3727 810 3804 redituum,
842 3729 1054 3805 proventuum
1084 3727 1118 3788 et
1146 3721 1355 3788 emolimenta

164 3848 353 3912 quecunque
382 3828 423 3893 ad
445 3827 566 3893 dictum
597 3828 828 3894 monasterium
860 3826 1082 3909 spectantium
1114 3823 1189 3909 [sic]
1221 3829 1255 3889 ct
1282 3842 1355 3906 per-

164 3934 306 4000 tinencia
327 3940 439 3998 tenore
461 3933 664 4014 presencium
686 3933 859 4014 diligenter
881 3932 1124 4013 procuravimus
1147 3929 1297 3995 annotari
1322 3933 1355 3992 11

165 4059 222 4121 per
245 4037 441 4104 Stanislaum
462 4037 504 4101 de
527 4035 650 4118 Giezin,
673 4037 777 4102 nostri
799 4035 989 4100 monasterii
1001 4035 1166 4118 publicum
1179 4032 1353 4113 notorium,

164 4141 385 4207 mandavimus
408 4141 567 4207 conscribi
589 4145 623 4206 et
643 4140 837 4221 consignari,
872 4142 1030 4219 quatenus
1054 4138 1095 4202 ad
1117 4157 1157 4202 11
1179 4153 1292 4203 omnes
1322 4141 1356 4198 et

166 4246 284 4326 singuli
300 4245 480 4327 provisores
495 4244 575 4309 dicti
589 4243 779 4310 monasterii
800 4239 1000 4323 temporibus
1023 4241 1200 4322 oportunis,
1224 4258 1297 4305 cum
1320 4259 1355 4306 se

166 4348 296 4427 aliquod
318 4347 453 4413 dubium
475 4347 631 4415 obtulerit
651 4347 685 4411 in
716 4362 830 4408 census
860 4341 1069 4422 perceptione
1100 4363 1157 4408 seu
1189 4344 1355 4409 solucione

165 4450 217 4516 vel
239 4449 312 4514 11111
336 4453 549 4517 emolimentis
578 4468 637 4531 per
668 4447 816 4511 homines
847 4443 1014 4510 censuales
1042 4447 1129 4513 dicto
1159 4447 1355 4515 monasterio
