2894 4890
1203 198 1267 263 305

158 408 311 476 Summe
333 424 487 489 cenapum
510 406 660 491 superius
681 409 795 471 notato
826 403 908 471 ltom
922 403 956 469 in
974 422 1071 472 censu
1086 402 1119 470 S.
1135 404 1268 489 Georgii

48 514 181 577 meunt
198 510 251 577 ‘10
262 528 374 594 coxag.
394 506 478 577 Ilum
497 510 532 577 in
546 509 630 577 fecto
646 508 677 575 S.
695 510 782 576 Galli
799 508 841 574 lG
854 526 961 589 eexeg.
978 508 1098 575 demtis
1111 510 1266 576 tabernis.

155 616 257 683 Item
293 622 413 683 trzne
446 615 604 697 recipitur
634 612 721 680 omni
748 620 841 680 ecula
862 612 943 679 seria
966 612 1140 693 aliquando
1161 614 1267 680 malua

10 778 14 809 ,
45 718 246 802 aliquando
270 716 387 786 minue.

10 814 14 879 l
157 824 257 891 Item
281 822 340 891 alii
361 828 537 906 proventus
559 821 787 889 occidentales.

156 928 328 993 Domeo
348 926 504 1013 prepositi
526 928 614 995 circa
635 930 762 1010 portam
784 924 1148 992 Strahowieeoem.
1183 925 1266 992 Item

44 1033 115 1099 alia
140 1032 276 1097 domus
306 1048 379 1097 euru
411 1032 509 1099 vinea
540 1032 575 1098 in
607 1030 746 1113 Vgecd
779 1033 854 1096 anto
886 1032 1021 1112 portum.
1064 1028 1146 1095 Item
1180 1026 1267 1096 circa

43 1136 144 1203 illam
170 1136 316 1201 domum
338 1133 461 1217 aliquot
482 1133 597 1200 domuc
620 1133 797 1214 censuales,
829 1149 891 1214 que
919 1133 1048 1199 solvunt
1068 1133 1104 1199 iu
1125 1131 1208 1200 festo
1232 1132 1263 1201 S.

43 1236 202 1325 Georgii
225 1240 248 1305 2
271 1256 378 1322 oexag.
401 1256 474 1305 oum
495 1238 516 1305 G
538 1257 585 1321 gr.
608 1241 642 1304 et
664 1239 698 1303 in
719 1236 803 1304 festo
825 1236 857 1304 S.
881 1234 970 1302 Galli
991 1240 1126 1304 tanturn.

155 1342 381 1410 Fortelicium
403 1360 464 1410 eeu
484 1344 760 1425 propugnaculum
783 1360 856 1409 cum
877 1341 957 1409 uilla
979 1340 1190 1410 Stodolki.

160 1462 379 1531 Stodolki.
417 1462 513 1531 Silue.
552 1466 634 1530 Item
665 1465 729 1530 duo
752 1464 902 1551 al[l]odia
923 1483 995 1531 cum
1018 1466 1114 1549 agria,
1147 1465 1260 1549 protis.
1280 1481 1353 1523 aa.

47 1567 139 1636 Item
165 1569 208 1635 in
231 1566 316 1634 festo
338 1566 371 1634 S.
395 1568 530 1651 Georgii
554 1569 592 1633 11
617 1585 724 1651 sexag.
749 1572 782 1634 et
804 1568 838 1635 in
860 1568 944 1634 sesto
967 1567 999 1633 S.
1016 1568 1103 1634 Galli
1125 1573 1261 1636 tautum.

162 1673 256 1740 Item
276 1672 311 1739 in
333 1673 447 1740 eadem
469 1674 547 1740 villa
569 1678 645 1740 eunt
667 1673 730 1737 duo
753 1670 909 1752 feudaleu,
944 1670 1001 1752 qui
1022 1674 1175 1737 tenentur
1197 1689 1263 1738 ecr-

49 1776 126 1843 vire
150 1776 338 1861 preposito.

164 1898 341 1966 Hoetun
363 1896 631 1967 fortalicium
653 1918 739 1965 cum
762 1893 915 1978 rilla1).

162 2002 252 2069 Item
275 2004 339 2069 (luo
362 2004 482 2070 allodia
505 2022 577 2069 cum
599 2002 701 2085 pretio
723 2009 758 2068 et
780 2002 904 2083 ortise.

164 2107 253 2174 Item
275 2106 315 2173 de
338 2126 437 2175 censu
461 2108 501 2174 16
524 2126 631 2189 sexag.
654 2108 689 2172 in
717 2105 801 2172 festo
832 2106 863 2173 S.
888 2105 975 2172 Galli
998 2111 1031 2171 et
1059 2106 1094 2172 in
1123 2102 1206 2173 ieeto
1230 2102 1261 2171 S.

57 2210 204 2294 Georgii
225 2215 354 2276 tantum
377 2228 450 2277 cum
473 2211 597 2293 aliquot
619 2210 750 2293 gressio.

166 2314 252 2380 Item
274 2315 430 2381 ducentos
453 2315 633 2381 etrichouee
656 2313 757 2380 tritici
779 2332 851 2378 cum
875 2312 926 2378 22.

165 2416 250 2485 Item
274 2418 314 2485 de
336 2437 438 2485 evena
460 2418 597 2486 trecenti
619 2418 797 2485 otrichones
819 2416 926 2483 minus
950 2417 1000 2483 10.

87 2608 93 2617 1
166 2520 252 2589 Item
273 2522 357 2605 pulli
378 2523 515 2590 trecenti
538 2527 572 2589 et
594 2521 719 2589 modico
742 2519 862 2603 plus³).

169 2642 288 2710 Villa
309 2643 528 2729 Woleeany
551 2664 681 2729 prope
704 2642 879 2709 Slanam.

169 2748 232 2829 [ln]
263 2747 474 2816 Wolesanech
507 2768 606 2831 prope
640 2749 769 2815 Sionem
803 2748 823 2811 9
852 2747 1060 2814 hereditates.
1105 2748 1187 2815 Item
1220 2750 1260 2815 de

62 2869 166 2917 ceusu
195 2852 232 2918 iu
260 2850 344 2918 fecto
375 2851 406 2918 S.
432 2852 564 2934 Georgii
587 2854 606 2917 2
629 2870 736 2931 sexag.
770 2855 803 2915 et
824 2851 866 2916 42
891 2850 966 2935 [gn]
996 2857 1030 2917 et
1059 2852 1093 2917 in
1122 2850 1203 2917 festo
1228 2851 1259 2917 S.

61 2954 156 3023 Galli
176 2960 314 3023 tantum.

167 3060 287 3127 Villa
307 3061 517 3129 Libowicz
540 3062 657 3127 ultra
678 3059 854 3126 Slanam.

167 3165 206 3231 ln
228 3165 386 3235 Libowioz
419 3167 454 3232 in
486 3165 569 3231 ieeto
591 3164 625 3232 S.
649 3164 780 3246 Georgii
803 3165 823 3229 6
845 3182 954 3244 serug.
989 3166 1022 3228 et
1053 3163 1088 3230 in
1121 3162 1202 3231 festo
1226 3165 1257 3229 S.

63 3268 156 3337 Galli
177 3272 313 3335 tantum.

167 3372 252 3438 Item
273 3372 309 3438 in
331 3374 443 3440 eadem
466 3373 545 3439 ville
568 3380 619 3440 eat
642 3393 725 3441 unus
749 3372 928 3457 omagialie‚
961 3371 1018 3453 qui
1039 3376 1170 3441 tenetur
1191 3394 1258 3443 ser·

63 3475 135 3541 vire
157 3475 333 3558 preposito.

166 3597 285 3665 Villa
312 3598 474 3666 Gecein.

165 3701 207 3765 W
229 3702 388 3786 Geesynie
421 3722 519 3786 supra
540 3702 674 3771 Weluar
706 3706 746 3771 de
780 3723 878 3771 censu
907 3705 941 3768 in
963 3705 1047 3772 festo
1069 3703 1100 3771 S.
1125 3706 1257 3789 Georgii

64 3805 108 3871 80
131 3823 178 3888 gr.
201 3811 236 3873 et
256 3805 291 3870 in
314 3807 396 3873 festo
420 3806 451 3873 S.
475 3808 563 3873 Galli
585 3812 720 3874 tantum.

166 3909 249 3977 Item
281 3909 317 3975 in
346 3911 459 3975 eadem
489 3911 567 3975 villa
596 3915 673 3976 sunt
693 3916 802 3993 prata3
832 3914 926 3996 ydem
959 3913 1075 3982 rustici
1107 3918 1218 3983 teuent
1250 3937 1258 3952 ·

66 4012 169 4080 eseczi
190 4014 281 4081 etin
304 4014 448 4080 cumulos
471 4034 671 4097 componere.

119 4223 138 4286 ¹)
165 4221 249 4277 Manu
265 4221 322 4276 fere
340 4237 438 4275 coaeve
454 4221 483 4275 in
501 4218 583 4290 marg.
601 4222 725 4277 additum
742 4228 796 4277 est:
814 4223 927 4294 Pessum,
946 4242 1013 4280 uxor
1030 4228 1097 4281 eius.

118 4304 139 4373 ²)
167 4306 266 4361 Manus
284 4307 376 4362 eadem
395 4309 423 4361 in
442 4323 523 4376 marg.
542 4307 660 4362 addidit:
679 4309 758 4362 ΧΠΙΙ
777 4324 832 4363 sox.
852 4309 915 4363 CCI*
934 4312 1087 4365 etrichonee
1104 4328 1195 4367 avene.

118 4396 139 4463 ²)
165 4393 198 4449 lu
215 4409 298 4463 marg.
316 4410 397 4449 manu
416 4410 515 4452 coaeva
531 4396 667 4453 additum:
686 4394 881 4466 Molendinum,
899 4404 976 4468 prata
993 4399 1127 4469 prepositi
1141 4400 1170 4456 in
1186 4407 1201 4456 2
1216 4401 1252 4477 [l]

167 4496 257 4537 sexa.
483 4500 486 4505 ·

233 4497 251 4551 g
1116 4582 1149 4631 to
