2894 4890
1215 123 1274 190 121

45 296 98 376 Μ’
204 338 281 398 -mnt
309 333 333 397 4
363 332 525 415 subsides,
559 334 688 400 uoluunt
720 334 887 399 annuatim
923 334 963 399 13
983 331 1070 421 [gui
1105 335 1279 404 secundnm

50 430 82 490 ist·-
195 454 259 500 unm
279 439 452 519 registrum
483 438 640 504 deberent
661 440 787 504 solvere
811 440 852 503 32
876 458 921 519 gr.
968 438 1049 502 Item
1070 439 1135 504 duo
1157 439 1278 504 mulen-

46 538 66 583 ’3
132 534 182 603 iim
199 540 318 606 solvunt
340 543 506 609 annuatim
528 544 571 607 56
594 562 640 624 gu
672 544 752 609 Item
775 544 874 609 bema
895 542 938 607 32
961 561 1017 622 gin,
1041 542 1277 609 deleucIonuleu

127 638 186 722 lgr.
205 642 281 709 Item
303 644 440 711 fumuiee
462 646 502 710 de
524 646 670 730 quolibet
693 646 763 713 inco
791 643 826 732 Ὗ,
852 665 897 728 gr.

120 766 148 777 ··
198 746 468 831 Pepelyeznu.

92 878 95 883 ·
196 849 277 915 viiia
312 852 512 935 Popelycznu
549 852 648 921 babet
689 856 726 918 12
764 854 883 933 leneus,
920 871 1058 935 quorum
1095 860 1166 920 ueto
1204 859 1279 920 eunt

100 946 266 1038 :inierunt
299 957 357 1038 qui
379 957 508 1021 uoluunt
530 976 586 1036 pei·
612 962 625 1021 l
651 977 768 1039 eexng„
800 964 834 1022 et
856 964 993 1036 quatuor
1022 957 1162 1023 unimores
1184 956 1279 1037 lanei,

85 1052 224 1153 ss-piiibet
252 1061 351 1125 solvit
379 1061 420 1125 48
451 1080 507 1143 gu,
540 1061 580 1127 de
609 1062 727 1143 quibus
759 1063 950 1127 Itzemeueez
982 1066 1071 1127 tenet
1107 1065 1119 1126 l
1153 1063 1278 1127 laneum

80 1170 151 1239 ’πο
169 1162 305 1228 servitio
329 1168 363 1229 et
384 1166 500 1231 seruit.
538 1165 619 1233 Item
644 1166 771 1231 Kuczku
794 1167 896 1247 piston
917 1171 1006 1233 tenet
1033 1171 1044 1230 i
1071 1168 1197 1231 laneum
1221 1183 1277 1245 pro

74 1254 77 1261 ’
105 1262 223 1330 mimo
244 1270 282 1330 et
302 1268 413 1332 servit.
443 1267 525 1333 Item
547 1269 651 1334 onsso
674 1274 765 1333 tenet
787 1269 807 1331 3
831 1271 940 1336 laneos
963 1289 1034 1335 eum
1057 1270 1198 1350 quintuli
1221 1288 1277 1350 pm

102 1367 223 1434 nnumin
244 1375 280 1435 et
301 1373 402 1436 servit
423 1391 495 1438 cum
519 1373 639 1437 lancea.
672 1372 752 1439 Item
776 1374 876 1438 berna
898 1375 939 1437 32
962 1390 1019 1454 gu,
1042 1374 1279 1439 delentionaies

99 1468 180 1552 Igu
217 1473 304 1538 Item
332 1473 471 1541 fumuleu
505 1477 540 1558 ¹j2
566 1496 611 1558 gn.
650 1477 731 1541 Item
760 1478 894 1557 pecunie
925 1496 1134 1558 expensurum
1163 1477 1198 1559 ¹j2
1223 1495 1280 1557 gu,

104 1588 150 1651 im
168 1579 295 1642 tortore
319 1579 338 1641 2
360 1579 424 1644 bui.
470 1580 552 1645 Item
582 1582 622 1646 de
653 1581 798 1662 quolibet
832 1582 926 1645 lunen
950 1584 969 1644 2
991 1582 1106 1661 pullus,
1130 1580 1280 1645 videlieet

103 1674 215 1743 iliorum
241 1683 261 1746 8
284 1680 462 1764 laneorum,
497 1690 637 1766 quatum·
658 1705 732 1750 vero
756 1686 878 1750 residui
900 1691 1007 1767 preter
1030 1702 1158 1748 censum
1182 1684 1280 1748 nichil

102 1783 222 1862 annuus
247 1789 408 1851 tenentur.
433 1788 512 1853 Item
535 1791 575 1854 de
598 1789 618 1853 8
642 1790 744 1854 laneis
767 1789 906 1870 quilibet
926 1806 1037 1854 eumm
1060 1806 1156 1851 unum
1179 1788 1279 1851 timim

101 1901 186 1955 tiene
208 1893 245 1952 et
265 1907 367 1954 unum
391 1890 501 1957 obluuz
522 1899 649 1975 stuppe.
688 1893 768 1958 Item
792 1895 831 1958 de
855 1893 981 1958 dinubuu
1004 1892 1107 1957 laneis
1130 1896 1280 1956 tenentur

98 1985 161 2054 dure
187 1988 353 2058 lemurum
375 1995 415 2060 de
437 1996 655 2062 straminibus.
679 1997 759 2061 Item
781 1998 821 2062 de
845 1996 988 2077 qunulibet
1010 1995 1104 2060 laneo
1127 2000 1280 2059 tenentur

95 2087 164 2157 que
184 2093 260 2160 dIes
283 2100 405 2163 metere
427 2104 460 2163 et
481 2118 579 2165 unum
603 2100 687 2164 diem
717 2099 826 2164 fenum
849 2098 968 2165 iuleure
990 2105 1024 2164 et
1045 2103 1171 2181 pratum
1196 2098 1280 2163 inter

95 2195 272 2263 molendina
295 2203 445 2266 tenentur
466 2203 634 2268 eumenum.
656 2205 737 2269 Item
761 2202 899 2283 singulm
921 2209 1059 2283 quatuor
1080 2202 1279 2284 temporibus

45 2304 48 2325 ¹
92 2303 255 2368 annuatim
286 2305 330 2369 (Ie
350 2307 498 2386 quelibet
526 2309 619 2372 laneo
652 2313 804 2372 tenentur
832 2326 930 2372 uuum
962 2326 1088 2372 cunum
1120 2305 1279 2387 IIgnnmm

91 2401 210 2470 intere.
247 2405 332 2472 Item
354 2409 396 2473 de
417 2411 563 2491 quolibet
585 2414 677 2476 laneo
700 2417 852 2475 tenentur
881 2412 962 2477 duos
984 2411 1054 2476 dies
1077 2429 1148 2474 cuin
1171 2416 1275 2474 metro

91 2504 243 2575 uberare.
273 2510 356 2575 Item
378 2518 529 2578 tenentur
552 2515 716 2579 humulum
739 2534 837 2580 unum
859 2516 945 2578 diem
969 2519 1157 2595 carperent
1179 2531 1276 2578 unum

90 2609 170 2677 iinn
191 2632 308 2694 rapum
330 2614 439 2681 federe
462 2622 496 2681 et
517 2623 667 2682 tenentur
690 2619 799 2682 venari
830 2619 872 2684 ed
894 2618 1080 2682 inundatum
1102 2616 1274 2698 burgravii.

189 2717 394 2784 Lbotbku.
805 2744 808 2751 ·
1287 2733 1369 2776 buu

188 2820 279 2887 Villa
299 2823 428 2889 Lbetku
449 2823 547 2890 habet
569 2823 631 2906 3¹b
656 2826 794 2904 laneum,
825 2825 964 2905 quilibet
992 2826 1089 2890 solvit
1115 2825 1280 2890 annuutIm

65 2927 105 2988 .l
126 2945 251 3008 sexug„
275 2926 317 2991 de
340 2928 456 3007 quibus
481 2933 572 2993 tenet
587 2927 724 2994 Miiothu
753 2928 1004 3010 provisionumus
1024 2926 1059 3010 ¹b
1079 2928 1207 2993 laneum
1221 2945 1280 3008 pro

87 3029 225 3095 neminie
248 3034 284 3094 et
306 3033 409 3112 seruit¹
428 3052 501 3098 eum
522 3034 644 3098 lancea.
669 3032 750 3098 Item
766 3037 817 3098 eet
831 3051 914 3096 unus
930 3033 1052 3111 subseu
1074 3049 1169 3112 quem
1192 3035 1282 3096 tenet

86 3132 172 3199 idem
202 3133 468 3218 provisionanus,
499 3140 532 3200 et
563 3136 659 3202 solvit
689 3136 855 3202 annuatim
881 3138 900 3200 6
923 3154 969 3217 gr.
1015 3135 1096 3199 Item
1118 3135 1219 3200 bema
1241 3136 1280 3199 de

87 3240 235 3320 quolibet
256 3240 350 3305 laneo
374 3240 415 3303 32
440 3260 497 3321 gu,
521 3242 758 3305 delencionules
785 3242 798 3305 1
825 3259 870 3321 gu.
909 3241 989 3304 Item
1012 3238 1148 3303 iumules
1175 3236 1210 3320 ¹‘2
1236 3258 1280 3320 gn.

85 3343 168 3408 Item
191 3344 330 3426 pecunie
352 3362 564 3424 expensurum
593 3341 628 3426 ¹b
654 3363 700 3425 gr.
724 3349 758 3408 et
778 3360 836 3424 pro
859 3350 981 3409 teutone
1003 3344 1023 3407 2
1045 3342 1110 3407 bal.
1138 3342 1218 3407 Item
1242 3344 1281 3406 de

86 3448 233 3529 quelibet
256 3447 349 3512 laneo
380 3450 400 3513 2
431 3449 536 3529 pullos
565 3453 599 3512 et
626 3467 722 3513 unam
749 3448 850 3512 tiliam
873 3467 972 3512 avene
995 3452 1029 3511 et
1050 3465 1148 3510 unum
1172 3447 1282 3513 obluuz

86 3558 216 3634 stuppe.
262 3553 343 3616 Item
372 3555 442 3616 totu
472 3552 683 3616 communitus
714 3570 812 3615 unum
843 3570 970 3616 cunnum
999 3551 1041 3613 de
1062 3549 1280 3615 straminibus.

85 3654 169 3721 Item
191 3655 307 3722 rebute
331 3656 371 3720 de
394 3656 539 3737 quolibet
560 3657 653 3721 laneo
676 3655 757 3720 duos
780 3655 850 3719 dies
873 3660 1004 3734 metere,
1033 3653 1140 3717 fenum
1163 3651 1281 3715 sulcare

86 3779 186 3826 unum
217 3761 314 3840 diem,
346 3760 455 3825 fenum
484 3761 601 3829 ducere
631 3777 809 3840 perunum
832 3759 925 3824 diem.
971 3760 1053 3821 Item
1074 3757 1114 3820 de
1138 3755 1282 3837 quolibet

85 3866 181 3931 laneo
205 3869 357 3929 tenentur
380 3863 460 3929 duos
483 3865 552 3929 dies
575 3882 677 3927 mure.
700 3864 779 3927 Item
798 3867 947 3927 tenentur
962 3861 1050 3941 ligna
1072 3877 1130 3940 pro
1145 3857 1281 3924 edificiis

84 3970 176 4036 curie
193 3967 360 4050 Sluzetyuz
382 3971 500 4033 dueene
522 3968 618 4033 etad
641 3967 847 4032 venacionem
870 3965 1007 4030 transire
1031 3965 1073 4028 ad
1094 3964 1280 4028 mandatum

85 4072 263 4157 burgnuvii.
309 4071 391 4138 Item
422 4073 461 4136 de
490 4071 635 4152 quolibet
664 4072 756 4135 laneo
783 4073 934 4134 tenentur
956 4069 1062 4149 finges
1084 4068 1201 4132 ducere
1224 4085 1281 4148 per

84 4196 187 4243 nuum
212 4176 307 4242 diem.

193 4282 218 4346 Z
225 4298 486 4363 myssowycz.

149 4438 151 4442 .
192 4382 281 4452 -Villu
296 4383 504 4467 Zmyssuuim
520 4382 617 4448 babet
635 4385 673 4448 13
693 4385 814 4465 iuuene,
839 4383 974 4465 quilibet
995 4386 1095 4453 subii
1116 4390 1281 4458 annuatim
