2894 4890
173 213 243 279 268·

173 420 366 501 subnotatis,
385 419 473 501 agris
489 419 586 485 cultis
601 424 637 484 et
650 419 794 499 incultis,
813 419 988 500 montibus,
1009 418 1146 485 collibus
1160 422 1195 483 et
1209 418 1300 485 wallil

172 524 278 604 metis,
306 521 578 589 circumferenciis
608 527 642 588 et
664 523 827 589 limitibus
856 541 895 588 ac
924 541 996 587 eum
1027 523 1115 588 omni
1144 524 1300 589 voluntate

172 626 335 708 libertate,
365 626 482 708 quibus
511 627 618 693 incole
647 627 736 693 dicte
764 627 839 695 ville
869 627 911 692 ab
934 627 1069 708 antiquo
1090 631 1127 693 at
1149 645 1300 693 exnuncr

171 729 289 797 bantur
309 736 344 797 et
365 731 562 811 fruebantur,
596 733 709 797 eodem
740 732 827 814 jure,
861 730 1013 799 libertate
1036 734 1071 795 et
1093 732 1259 799 voluntate
1286 732 1300 795 d

172 834 318 900 homines
340 835 442 899 nostri
464 839 498 901 et
520 853 631 899 sorum
655 852 860 901 successores
893 834 943 899 uti
966 834 1086 900 debent
1108 840 1143 899 et
1162 835 1300 903 fruentur

171 938 376 1020 possessione
406 939 518 1019 libera,
554 937 690 1019 pacifica
711 944 745 1003 et
767 937 887 1020 quieta,
922 938 1044 1003 talibus
1075 939 1232 1006 videlicet
1257 957 1301 1005 eor

171 1041 319 1108 cionibus
341 1041 535 1122 interclusis,
566 1042 654 1121 quod
683 1041 822 1122 quilibet
851 1042 956 1106 cultor
986 1042 1055 1106 sive
1077 1060 1249 1124 possessor
1278 1043 1301 1108 11

172 1162 262 1209 orum
297 1145 515 1227 predictorum
546 1143 586 1208 de
617 1143 764 1225 quolibet
794 1145 887 1210 laneo
917 1144 1067 1211 dabitat
1090 1147 1196 1212 solvet
1219 1146 1301 1211 nobir

172 1249 367 1313 monastario
401 1253 512 1314 nostro
544 1266 583 1313 ac
605 1249 845 1315 successoribus
879 1248 1001 1315 nostris
1033 1249 1173 1331 singulis
1208 1250 1301 1316 annis

171 1356 361 1433 perpetuum
383 1371 441 1432 pro
465 1370 572 1417 annuo
595 1370 694 1419 censu
711 1353 751 1418 ta
767 1370 814 1433 gr.
837 1370 986 1434 pragens.
1010 1352 1151 1436 divisim,
1174 1353 1301 1419 intest

172 1454 259 1521 Galli
281 1457 324 1521 36
346 1475 393 1536 gr.
417 1461 451 1521 et
472 1455 507 1521 iu
529 1455 613 1521 festo
637 1454 668 1520 S.
686 1456 820 1538 Georgii
842 1457 989 1538 totidem,
1013 1476 1151 1539 quorum
1173 1476 1222 1538 gr.
1246 1459 1290 1524 60

171 1577 332 1640 sexagena
353 1564 595 1642 computantur;
631 1561 661 1627 si
683 1580 758 1628 vero
781 1561 889 1627 medio
912 1566 1058 1644 tempore
1079 1565 1213 1628 moneta
1243 1580 1300 1644 gro

172 1681 242 1728 rum
266 1669 391 1729 mumto
414 1663 523 1744 fucrit,
546 1669 664 1731 extunc
686 1666 792 1733 solvet
813 1666 847 1731 in
870 1672 1004 1749 argento
1023 1667 1075 1731 vel
1098 1666 1205 1732 usuali
1228 1685 1302 1731 mon

172 1785 234 1848 que
263 1774 398 1851 protunc
431 1768 537 1849 fuerit,
568 1770 601 1834 iu
624 1769 734 1835 valore
756 1788 988 1852 sexagenarum
1011 1769 1241 1851 predictarum.
1287 1769 1302 1834 I

77 1895 99 1935 1.
115 1895 159 1936 aaa.
174 1872 312 1954 quilibet
334 1872 420 1937 lanei
440 1873 545 1938 cultor
567 1873 660 1939 dabit
674 1877 709 1937 et
722 1874 827 1939 solvet
841 1875 863 1939 6
877 1873 1058 1941 strichones
1081 1874 1189 1955 mavis
1202 1873 1302 1940 11111111

173 1979 253 2043 duos
275 1977 386 2056 tritici,
410 1978 429 2040 2
453 1976 543 2041 ordei
566 1981 600 2041 et
622 1977 642 2041 2
666 1976 816 2058 siliginis,
839 1996 921 2059 quos
942 1978 1066 2043 debent
1087 1983 1121 2044 et
1143 1983 1298 2044 tenentur

173 2102 292 2164 ponere
309 2081 370 2165 [in]
388 2082 478 2147 curia
500 2082 535 2147 in
550 2080 663 2147 Patale
686 2081 769 2147 Item
783 2082 922 2163 quilibet
935 2087 1065 2147 tenetur
1079 2083 1122 2148 ad
1136 2088 1302 2149 monaster

173 2190 317 2265 nostrum
336 2185 376 2249 10
391 2186 570 2251 stricbones
593 2185 682 2251 bladi
697 2185 745 2251 eis
760 2205 819 2266 per
832 2192 1074 2268 pmcuratorem
1095 2191 1243 2253 nostrum
1258 2187 1303 2270 ael

173 2291 263 2372 gnati
285 2288 467 2370 sumptibus
489 2307 601 2354 eorum
624 2293 659 2354 et
680 2290 831 2371 expensis
853 2289 937 2355 intra
959 2289 1078 2355 testum
1101 2289 1133 2356 S.
1156 2288 1303 2357 Wenczer

172 2399 206 2459 et
228 2393 409 2476 Epiphania
433 2391 589 2476 [ducere]⁸
627 2393 710 2459 ltem
733 2393 871 2475 quilibet
893 2393 985 2460 dabit
999 2397 1020 2460 6
1035 2413 1205 2474 messores,
1228 2400 1303 2476 quat

173 2517 270 2581 super
299 2497 404 2563 bladis
433 2497 636 2580 hyemalibus
659 2502 693 2562 et
715 2500 735 2566 2
759 2498 951 2565 estivalibus
966 2499 1143 2565 metandis.
1189 2499 1303 2565 Item«

172 2602 254 2668 libet
282 2603 386 2669 solvet
406 2603 428 2668 6
449 2600 572 2683 pullos;
607 2601 681 2667 illos
711 2603 832 2668 debent
860 2621 1017 2685 reponere
1047 2602 1203 2669 similiter·
1219 2602 1255 2667 iu
1278 2621 1303 2667 er

175 2707 273 2772 Patek
301 2705 385 2771 infra
416 2705 536 2772 festum
554 2703 590 2770 S.
614 2704 822 2788 Wenczeslay
852 2711 886 2773 et
907 2707 1025 2773 festum
1049 2706 1240 2788 Epiphania.
1286 2707 1301 2771 Ι

173 2810 310 2892 quilibet
332 2811 436 2875 solvet
457 2810 497 2876 de
521 2812 614 2877 laneo
630 2812 672 2877 60
687 2829 757 2876 ova
781 2813 862 2876 ltem
878 2810 1017 2892 quilibet
1034 2811 1121 2877 lanei
1141 2811 1249 2876 cultor
1272 2812 1304 2877 dr

172 2934 272 2981 unum
295 2931 423 2981 currum
446 2916 486 2981 de
508 2913 581 2981 feno
603 2916 646 2980 ad
667 2916 790 2981 curiam
812 2920 957 2981 nostram
979 2914 1014 2979 iu
1036 2913 1141 2981 Patek
1162 2916 1214 2978 vel
1236 2915 1304 2981 in(

172 3022 253 3104 nien,
276 3021 332 3088 ubi
354 3026 388 3085 et
410 3020 527 3102 quibus
548 3025 738 3103 procurator
760 3020 850 3085 curie
873 3023 983 3084 nostre
999 3019 1143 3101 recipere
1166 3020 1305 3086 mandat

172 3132 207 3192 et
235 3126 437 3193 indicaverit.
481 3126 563 3191 ltem
593 3124 732 3206 quilibet
760 3124 801 3188 de
831 3124 924 3189 laneo
948 3123 1046 3187 ducet
1067 3121 1156 3204 ligna
1178 3127 1211 3187 et
1232 3121 1304 3187 fruti

172 3234 212 3298 de
246 3232 328 3296 silva
361 3235 474 3319 nostra
506 3249 564 3295 scu
585 3230 660 3295 luco
690 3247 786 3311 super
816 3228 1018 3293 obstaculum
1052 3226 1230 3293 molendini
1262 3245 1304 3293 no

173 3337 349 3403 seeundum
372 3334 502 3399 modum
517 3339 553 3399 ct
565 3333 834 3399 consuetudinem
849 3332 1018 3414 antiquum
1035 3331 1259 3413 approbatum.
1284 3332 1305 3394 1:

173 3439 310 3524 quilibet
331 3440 418 3504 lanei
440 3439 546 3503 cultor
561 3457 618 3519 pro
634 3437 734 3502 berna
756 3434 909 3518 generali,
932 3434 1009 3498 dum
1032 3432 1132 3499 fucrit
1154 3433 1286 3516 publice

173 3543 350 3610 soraterra
373 3541 582 3623 proclamata,
604 3540 697 3605 dabit
719 3544 752 3603 et
773 3540 878 3605 solvet
898 3537 942 3603 33
964 3555 1011 3618 gr.
1034 3556 1184 3619 pragens.
1207 3539 1290 3603 Item

173 3648 273 3714 berna
295 3645 501 3726 exaccionali‚
526 3645 601 3709 duur
624 3643 722 3709 fuerit
745 3647 909 3724 perterre
933 3642 1111 3724 principem
1134 3642 1289 3723 inposita,

172 3770 273 3834 parva
294 3751 363 3818 sive
386 3768 511 3830 magna,
544 3746 634 3813 dabit
656 3751 690 3811 ot
712 3747 880 3811 11111120
902 3764 947 3827 gr.
971 3763 1120 3828 pragens.
1151 3747 1252 3811 semel
1275 3745 1305 3810 dr

173 3862 263 3923 taxat
284 3858 318 3921 in
342 3872 435 3919 anno.
480 3853 563 3919 ltom
593 3849 732 3933 quilibet
761 3850 801 3913 de
832 3849 925 3914 laneo
956 3850 1062 3914 solvet
1090 3868 1189 3914 uuum
1212 3869 1259 3931 gr.
1291 3870 1305 3932 1

173 3980 251 4042 gens
285 3978 342 4027 seu
364 3979 420 4027 sex
443 3957 594 4023 denarios
615 3975 673 4038 pro
694 3954 880 4021 fumalibus.
925 3954 1007 4018 ltcm
1030 3954 1168 4035 quilibet
1189 3955 1305 4020 adrani

173 4066 265 4131 dabit
282 4067 298 4129 l
315 4082 361 4145 gr.
377 4068 411 4127 et
426 4063 577 4130 similiter
598 4061 753 4127 recedens
772 4063 786 4124 l
805 4079 862 4144 gr,
886 4060 972 4143 quod
987 4058 1150 4140 wlgariter
1171 4077 1306 4140 przyger

173 4174 206 4235 et
228 4167 384 4235 wzdaczie
414 4168 542 4233 dicitur.
587 4165 811 4231 Promittimns
840 4169 948 4230 autem
978 4168 1045 4230 tam
1074 4168 1155 4245 aput
1183 4179 1243 4228 nos
1265 4182 1306 4246 qu

173 4277 253 4354 aput
281 4277 428 4354 posteros
458 4277 585 4337 nostros
607 4269 750 4353 prefatos
779 4268 924 4335 homiues
946 4268 998 4332 vel
1019 4286 1130 4333 eorum
1151 4263 1306 4352 {successo

172 4375 206 4440 in
229 4377 327 4442 nullis
349 4378 423 4441 aliis
445 4372 753 4451 eonmibueionibus,
777 4371 1005 4451 soluciouibus,
1028 4371 1264 4452 exactionibus
1288 4391 1306 4438 o

65 4518 67 4523 -
172 4478 264 4543 ribus
284 4484 320 4544 et
340 4478 516 4543 honoribus
538 4496 602 4543 non
624 4493 758 4557 gravare
773 4480 807 4539 et
824 4476 1007 4557 molestare,
1030 4476 1096 4543 nisi
1117 4477 1280 4543 voluerint
1302 4496 1306 4543 :
