2894 4890
29 116 89 213 m*
143 102 249 199 'lvbvbs
274 94 314 175 ‹le
342 108 489 192 qnalibet
515 108 612 177 lanes
640 110 661 177 2
683 110 753 177 dies
778 112 930 177 tenentur
950 114 1073 177 metere
1094 116 1128 177 et
1150 128 1248 179 unum

12 214 61 309 f?
182 211 286 281 taleam
314 216 349 279 et
375 216 458 281 duos
482 230 596 283 currus
618 214 683 280 feni
704 214 831 280 ducere.
877 214 959 279 Item
981 218 1144 280 tenentur
1139 234 1248 298 rapas

112 418 115 423 ι
197 320 227 384 et
245 317 333 400 ligna
354 334 413 400 pra
435 316 572 440 eviificiis
601 318 718 383 <lucere
748 320 781 382 ut
804 317 845 382 ad
867 317 1073 384 venacionem
1096 320 1138 385 aul
1159 338 1249 385 rnen·

169 628 358 717 Wysskytna
380 634 560 717 0p[p]idum
584 636 626 701 32
648 635 769 718 laneas,
800 638 936 719 quilibet
922 639 1062 705 tsolvit
1085 636 1249 702 annuatim

98 732 183 818 trs,
203 735 244 803 de
266 736 385 819 quibus
406 736 597 821 burgravius
620 743 710 806 tenet
731 743 876 808 illaneas
898 763 956 825 pru
977 742 1121 809 servicia.
1146 741 1250 807 Iudex

10 834 37 869 ‘⁴'
93 836 162 907 lala
179 858 277 906 unum
299 840 479 909 laneumet
465 842 636 910 tsilvanus
655 863 753 909 unum
777 846 961 911 laneum
927 852 961 911 e
984 846 1139 927 plebanus
1162 852 1251 911 tenet

89 942 222 1011 ilaneas.
246 946 330 1011 Item
352 946 500 1014 subsides
523 951 599 1013 sunt
625 949 673 1029 17,
700 949 740 1015 de
763 950 880 1031 quibua
902 969 998 1033 preco
1021 951 1121 1016 habet
1143 968 1250 1030 unum,

86 1050 111 1111 et
127 1067 232 1117 eorum
264 1049 403 1131 quilibet
431 1052 528 1117 solvit.
557 1054 723 1119 annrmtim
750 1056 772 1118 4
802 1074 847 1136 gr.
893 1055 973 1120 Item
999 1056 1180 1121 invenimus
1211 1055 1252 1119 ad

10 1176 13 1185 ·
80 1158 189 1234 misens
210 1154 233 1220 5
255 1153 440 1236 thebanae,
464 1175 599 1239 quarum
622 1158 765 1240 quelibet
780 1160 877 1225 solvit
892 1161 1059 1225 annuatim
1075 1162 1115 1225 12
1132 1178 1189 1241 gr,
1212 1158 1252 1223 de

79 1256 174 1341 quibus
196 1258 393 1342 burgravius
416 1264 506 1327 tenet
527 1280 623 1328 unam
646 1266 680 1327 et
691 1263 791 1345 judex
807 1281 903 1328 unam
918 1282 975 1344 pro
992 1264 1147 1329 serviciis.
1171 1264 1252 1327 Item

75 1368 133 1430 mr
152 1364 217 1431 duo
241 1362 427 1430 molendina
456 1366 496 1430 de
518 1366 643 1432 duabus
672 1367 763 1446 rotis,
795 1368 924 1431 solvunt
953 1366 1117 1431 annuatim
1143 1366 1182 1430 16
1205 1384 1251 1448 gr.

71 1465 137 1535 Item
161 1468 267 1553 judex
296 1471 427 1534 tenetur
455 1469 532 1535 dare
564 1471 730 1537 annuatim
753 1470 796 1535 30
818 1469 915 1535 libras
938 1489 1020 1550 aare,
1053 1489 1112 1552 pra
1136 1469 1253 1550 quibus

71 1571 116 1639 let
134 1572 179 1639 80
200 1590 249 1655 gr.
264 1572 349 1639 Item
364 1573 404 1638 (Ie
419 1572 519 1639 berna
533 1575 575 1638 32
592 1593 649 1656 gr„
665 1573 901 1640 delenainnales
920 1574 935 1636 1
953 1590 998 1654 gr.
1022 1573 1102 1637 Item
1117 1571 1253 1639 lumales

68 1674 100 1739 Ie
124 1676 274 1759 quolibet
303 1675 376 1741 iaco
408 1673 446 1760 Ἴ,
478 1694 524 1758 gr.
569 1677 649 1743 Item
680 1679 719 1743 de
746 1678 892 1759 qualibet
923 1677 1017 1742 lanea
1051 1678 1198 1759 2puIIos
1221 1682 1255 1742 et

67 1797 152 1849 unam
174 1781 280 1849 tinam
304 1798 405 1846 avene
428 1784 461 1845 et
482 1799 581 1846 unum
605 1782 713 1847 oblaez
738 1786 862 1863 stuppe.
901 1782 982 1846 Item
1006 1781 1046 1846 de
1067 1781 1191 1848 nabotis
1214 1783 1254 1849 de

64 1885 202 1966 quolibet
232 1864 345 1951 laneo*
358 1889 510 1952 tenentur
540 1890 659 1951 metare
690 1887 710 1948 4
737 1886 806 1951 dies
829 1892 863 1950 et
885 1904 984 1950 unum
1006 1890 1133 1968 pratum
1156 1905 1254 1968 prope

64 1988 223 2056 civitatem
255 1987 388 2056 felcare.
434 1990 515 2055 Item
546 1991 587 2055 ad
616 1990 822 2056 venacionem
857 1995 1009 2057 tenentur
1042 1991 1179 2057 transire
1213 1991 1255 2057 ad

63 2094 248 2161 mandatum
270 2092 447 2177 burgravii.

157 2196 390 2282 Zaehotyn.
1289 2258 1293 2267 ,
1328 2237 1345 2262 ι.

156 2298 250 2367 Villa
278 2300 443 2386 Zaahotyn
472 2303 572 2371 habet
603 2305 640 2367 11
672 2303 783 2371 laneas
814 2305 936 2388 absque
961 2306 998 2391 ¹l2
1023 2307 1172 2388 quartali,
1197 2307 1254 2371 sed

60 2406 236 2475 erundum
267 2407 435 2489 antiquum
468 2409 641 2490 registrum
675 2411 879 2477 eontinentur
914 2412 954 2476 12
986 2411 1083 2493 lanei,
1118 2411 1255 2493 quilibet

60 2510 154 2578 solvit
175 2510 346 2577 annuatim
367 2511 410 2577 52
433 2531 479 2594 gr.
524 2514 607 2577 Item
630 2517 706 2578 sunt
728 2518 794 2580 tres
817 2515 975 2597 subsides,
999 2515 1136 2597 quilibet
1158 2515 1255 2581 solvit

60 2615 229 2683 annuatim
261 2615 283 2679 4
317 2634 363 2698 gr.
408 2617 489 2704 Item
526 2618 566 2682 de
601 2618 701 2683 berna
738 2618 777 2684 de
812 2619 957 2701 qualibet
992 2619 1086 2684 lanea
1120 2620 1162 2684 32
1195 2638 1253 2699 gr„

59 2720 300 2787 deleneionales
325 2721 343 2784 1
367 2739 414 2802 gr.
448 2721 530 2786 Item
552 2720 688 2788 fumales
710 2723 750 2788 ‹le
773 2722 917 2805 qnalibet
938 2721 1009 2787 ioao
1036 2719 1073 2807 ¹l2
1098 2742 1143 2803 gr.
1174 2724 1255 2788 Item

10 2836 12 2911 ξ
59 2824 96 2891 de
117 2824 271 2909 quolibet
291 2825 385 2891 laneo
409 2829 560 2891 tenentur
587 2828 664 2892 dare
687 2830 707 2892 2
730 2828 834 2908 pullos
857 2830 890 2891 et
912 2844 1009 2890 unam
1031 2826 1133 2891 tinam
1157 2844 1255 2891 avene

10 2920 12 2949 ²
60 2935 92 2994 et
111 2948 217 2995 unum
241 2927 352 2995 oblaez
376 2933 501 3012 stuppa.
548 2931 628 2996 Item
660 2935 810 2997 tenentvu·
840 2929 917 2996 dare
944 2930 984 2994 de
1007 2929 1131 2994 duobus
1154 2929 1256 2996 laneis

57 3052 157 3099 unum
179 3051 311 3100 enrrum
333 3033 533 3100 straminum.
560 3036 642 3099 Item
661 3035 854 3116 devehatis,
878 3038 1028 3101 tenentur
1050 3036 1090 3101 de
1113 3035 1257 3117 quolibet

57 3141 153 3205 laneo
174 3141 301 3203 metere
320 3137 402 3204 duos
418 3138 498 3220 dies,
522 3157 619 3204 unum
636 3138 721 3203 diem
735 3138 844 3204 fenum
858 3139 986 3206 falsare.
1010 3142 1092 3206 Item
1107 3143 1257 3206 tenentur

53 3242 169 3324 juvere
199 3240 310 3307 fenum
340 3243 468 3308 ducere.
514 3244 596 3308 Item
626 3246 779 3310 tenentur
807 3263 906 3309 vinum
939 3263 1066 3310 currum
1099 3244 1257 3325 lignorum

57 3347 176 3414 ducere
209 3345 250 3411 de
272 3347 418 3429 qnalibet
448 3348 542 3414 lanea
573 3347 738 3414 annuatim
766 3352 799 3415 et
822 3369 879 3432 per
901 3349 982 3415 duos
1005 3349 1075 3415 dies
1098 3349 1139 3413 ad
1161 3366 1257 3413 vena·

58 3451 187 3518 aionem
210 3450 360 3517 transire.

167 3556 324 3638 Zyrow.

162 3657 252 3727 Villa
281 3660 393 3743 Zyrow
422 3659 521 3726 habet
550 3658 612 3744 6¹l2
643 3662 781 3742 laneum,
813 3662 950 3745 quilibet
973 3662 1071 3727 solvit
1094 3662 1261 3728 annuatim

57 3764 98 3831 48
122 3782 171 3847 gr.
195 3763 278 3829 Item
301 3765 341 3829 de
363 3763 464 3829 berna
486 3764 622 3848 quilibet
642 3765 756 3830 laneus
779 3764 820 3829 32
838 3784 895 3846 gru,
919 3766 1191 3832 delencianalesl
1213 3786 1259 3850 gr.

58 3866 143 3934 Item
164 3866 306 3934 iumales
328 3869 369 3933 de
392 3868 538 3950 qualibet
559 3869 630 3935 loeo
657 3865 694 3952 ¹l2
720 3886 766 3947 gv.
789 3867 871 3931 Item
893 3870 1029 3948 pecunie
1050 3887 1262 3950 expensarmn

61 3966 99 4058 ¹l,
133 3990 181 4055 gr.
213 3976 248 4038 et
277 3988 337 4052 pro
368 3975 492 4037 tortore
522 3974 542 4040 2
573 3972 637 4038 hal.
682 3972 764 4035 Item
788 3970 829 4033 de
852 3971 996 4051 quolibet
1016 3972 1110 4039 lanea
1133 3976 1262 4042 solvunt

58 4074 217 4160 apulias
248 4079 284 4141 et
313 4092 410 4140 unam
443 4075 544 4142 tinam
575 4094 675 4141 avene
698 4077 732 4140 et
753 4090 852 4136 unum
875 4073 984 4141 oblacz
1008 4078 1132 4159 stuppa.
1178 4078 1260 4147 Item

54 4180 151 4249 debet
172 4178 252 4247 dare
275 4181 346 4245 tata
368 4179 579 4245 communitas
603 4177 683 4244 duas
706 4192 818 4243 currus
842 4176 883 4242 de
906 4178 1126 4250 straminIbus.
1173 4184 1255 4252 Item
