2894 4890
1193 218 1258 283 273

76 426 175 493 niuati
195 424 345 493 homines
360 428 464 493 nostri
483 428 524 493 ad
543 446 603 493 nos
622 426 712 493 etad
728 434 872 492 nostrum
889 428 1118 492 nnnrnstevinm
1142 425 1257 491 solum·

10 538 25 561 ·“
68 532 155 599 undo
177 536 366 613 respectum
387 530 553 597 habebunt
585 539 620 597 et
648 532 690 597 nd
721 532 819 597 aliurn
850 532 972 597 nullum
995 538 1027 595 et
1051 531 1093 597 nd
1115 535 1259 597 nostrum

10 644 26 693 τ’·
69 634 209 719 induem,
233 652 293 717 per
314 652 375 700 nou
396 638 542 699 nostrum
566 652 694 715 quoqne
724 640 913 699 conventum
937 654 994 715 pro
1018 641 1162 717 ternpore
1185 653 1259 701 eon·

61 725 220 819 ¹stitutum,
256 736 443 819 specialiter
476 738 666 819 spectabunt
700 742 735 801 et
763 738 995 821 jvulicalnmlvn·
1026 758 1084 819 per
1111 732 1257 804 eundem.

10 870 27 917 ς,
71 838 209 909 merum
233 840 503 923 quandocumque
524 842 658 907 bernium
688 842 871 923 generalem
906 862 963 907 nos
986 843 1063 907 vlnre
1086 843 1259 923 contigerit

10 976 24 1019 s
70 950 115 1013 nt
145 944 218 1011 ulia
251 942 400 1011 subsidia
431 943 527 1011 nobis
560 944 707 1009 faciendo
739 944 959 1025 inminelnnd,
995 952 1072 1010 tnnc
1101 946 1257 1027 sepulicti

10 1080 23 1105 ·.
68 1046 205 1115 homines
229 1047 337 1115 nostri
358 1048 488 1113 bernam
512 1052 546 1113 et
568 1047 713 1115 subsidia
736 1067 774 1113 ae
789 1048 939 1113 danmios
962 1050 1097 1115 lirnrndes
1120 1048 1256 1129 singulis

10 1186 20 1223 ι,
66 1154 146 1219 uuis
180 1150 282 1219 nohis
317 1170 357 1217 ac
390 1152 586 1217 monasterio
627 1157 737 1217 nostro
778 1153 965 1233 persolvent
999 1152 1256 1219 cont-radiecione

10 1286 20 1331 z
65 1256 201 1339 qualibet
225 1258 387 1321 cessante.
430 1252 504 1321 Non
526 1253 639 1319 licebit
661 1252 844 1320 horninibus
871 1253 974 1319 eciam
993 1254 1061 1337 jum
1085 1256 1180 1321 dictis
1199 1256 1255 1339 jus

10 1394 22 1435 ·,
64 1378 108 1427 en
122 1356 359 1443 emphiteosim
374 1357 518 1441 ipsorum
535 1356 633 1423 alicui
648 1357 813 1423 bominum
830 1358 967 1423 vendere
984 1378 1040 1423 sen
1056 1378 1255 1443 quocumque

10 1512 19 1541 ;
62 1464 143 1531 nodo
165 1462 319 1529 alienare
352 1460 422 1527 sine
456 1466 566 1527 nostro
600 1462 734 1526 consilio
765 1466 798 1525 et
832 1481 990 1527 consensu
1024 1464 1166 1545 speciali.
1212 1464 1254 1529 nt

10 1614 18 1643 .,
61 1584 157 1637 aram
172 1566 276 1635 nobis
286 1564 405 1631 abbate
416 1564 491 1631 talis
507 1564 652 1630 vendicio
669 1584 726 1629 seu
737 1566 919 1647 resignatio
930 1566 1088 1631 dictorum
1105 1586 1252 1647 angrorum

60 1670 117 1739 ierl
140 1672 257 1753 debet,
295 1670 383 1753 quod
405 1670 434 1737 si
456 1668 513 1735 fiat
535 1668 569 1735 in
587 1670 783 1735 contrarivnn
806 1669 953 1735 vendicio
977 1670 1162 1735 bninsmodi
1185 1671 1253 1738 sine

59 1782 158 1845 metm
183 1791 352 1843 consensu
381 1776 415 1841 et
436 1770 555 1853 lavore,
590 1774 712 1837 nullius
742 1773 785 1837 sit
815 1774 968 1839 momenti
998 1775 1069 1855 ipso
1100 1776 1196 1857 fecto,
1219 1783 1253 1842 et

11 1874 19 1915 ³
58 1880 283 1949 nichilominus
317 1882 383 1943 tam
420 1896 531 1943 emens
565 1896 661 1959 quam
695 1878 837 1943 vendens
874 1881 1025 1958 poterunt
1055 1878 1162 1959 puniri
1194 1900 1252 1961 per

57 1986 202 2053 abbatem
225 1984 263 2051 in
283 1981 440 2062 peccunia
460 1984 513 2047 vel
536 1982 627 2060 olins,
652 1987 748 2064 prout
771 1980 883 2047 abbati
905 1981 1067 2047 videbitur
1090 1985 1250 2065 expedire.

10 2106 17 2147 :·
56 2088 204 2157 Preterea
225 2087 369 2171 quilibet
390 2106 501 2155 emens
531 2106 626 2169 agros
660 2087 693 2151 in
716 2086 862 2168 predicta
895 2086 972 2153 villa
993 2086 1114 2153 Wrbna
1147 2090 1252 2155 solvet

10 2212 17 2255 ·.
56 2194 140 2263 uobis
155 2200 194 2259 et
208 2191 409 2259 monasterio
427 2194 537 2257 nostro
554 2210 651 2255 unum
667 2209 713 2272 gr.
747 2189 768 2256 J
770 2189 913 2255 uvabunt
935 2192 1038 2257 eciam
1055 2193 1133 2259 dicti
1149 2194 1250 2259 homi·

10 2316 16 2359 τ
55 2314 103 2365 nes
117 2298 243 2385 [ligna]
267 2296 385 2362 ducere
400 2297 444 2362 ad
458 2295 660 2361 obstaculum
676 2294 711 2359 in
725 2291 837 2375 Patelr,
860 2296 1152 2377 quocienscumque
1167 2316 1249 2380 opus

10 2421 14 2462 ι
54 2400 116 2469 orit
163 2400 239 2467 Hec
261 2398 372 2466 omnia
401 2404 435 2467 et
463 2398 592 2481 singula
622 2397 770 2480 superius
805 2418 957 2481 expresso
979 2418 1054 2479 sepe
1076 2400 1249 2467 nominetis

10 2536 14 2566 ε
54 2506 166 2573 nonnis
189 2502 380 2572 bominibus
401 2523 461 2586 per
489 2522 548 2571 nos
582 2508 615 2568 et
644 2506 772 2569 nostros
802 2520 1002 2569 successores
1032 2503 1248 2583 promiserunt

10 2644 13 2653 ·
54 2608 185 2689 predicti
211 2606 375 2693 Hylgerns
408 2612 443 2673 et
470 2607 637 2674 lohannes
668 2604 808 2689 Campus
838 2626 877 2673 ae
910 2607 967 2671 alii
988 2608 1105 2673 fratres
1127 2606 1247 2674 litteris

54 2730 227 2781 conventus
249 2711 483 2779 inviolabiliter
505 2712 684 2780 observare.
708 2711 751 2776 Et
765 2712 843 2777 licet
856 2711 1041 2779 huiusmodi
1063 2716 1246 2779 contractus

55 2816 154 2883 nullus
178 2814 254 2895 fuit
289 2815 366 2896 quia
388 2832 562 2881 consensus
591 2814 720 2882 abbatis
754 2832 818 2880 non
839 2815 1024 2896 intervenit,
1056 2834 1115 2882 uos
1137 2822 1246 2883 tamen

55 2919 290 3005 mmpaeientes
312 2919 437 2985 eisdem
458 2919 667 3001 pauperibus,
691 2921 874 3001 pensantes,
899 2921 985 2998 qnod
1007 2920 1145 3001 predicti
1167 2940 1245 3003 pau-

53 3040 138 3105 peres
161 3019 354 3107 peccuniam
388 3023 749 3104 interaneorum
777 3022 929 3104 predictis
959 3023 1111 3105 Hylgerio
1135 3028 1169 3089 et
1189 3026 1245 3090 Jo-

53 3125 144 3195 lunni
168 3124 293 3208 eampo
316 3124 403 3191 dieto
437 3129 471 3215 et
504 3125 578 3192 aliis
609 3124 762 3191 iratribus
785 3129 819 3191 et
840 3125 933 3192 nobis
956 3125 977 3190 5
1000 3144 1107 3207 sexag.
1132 3145 1244 3211 super-

53 3230 254 3310 addiderunt,
269 3228 454 3295 huiusmodi
469 3233 668 3295 contractum
685 3232 718 3295 et
732 3227 953 3295 vendicionem
968 3234 1072 3295 rutam
1087 3228 1244 3298 habentes

52 3352 115 3399 eam
138 3333 287 3419 presenti
301 3332 411 3398 littera
430 3330 653 3399 confirmamus
673 3332 853 3414 sigillorum
876 3337 1069 3415 nostrorum,
1093 3334 1245 3401 videlicet

52 3442 157 3505 nostro
179 3440 217 3503 et
244 3436 350 3503 nostri
382 3440 557 3502 conventus
591 3436 786 3517 appensione
819 3437 1013 3504 roboratam.
1059 3438 1177 3506 Datum
1211 3444 1245 3505 et

51 3545 153 3609 aetum
182 3542 221 3607 in
250 3540 447 3606 monasterio
477 3544 586 3607 nostro
616 3541 801 3623 supradicto
832 3560 915 3609 anno
939 3542 1061 3610 domini
1083 3540 1241 3629 M⁰[GOO]

51 3644 298 3727 quadragesimo
320 3643 355 3708 in
377 3647 491 3709 octavu
511 3642 643 3710 Pasche.

148 3746 269 3816 Villa
290 3745 564 3831 Hrzyuenicz.

149 3852 234 3919 Item
255 3851 377 3918 ibidem
401 3854 476 3917 sunt
498 3848 581 3936 23Ἲ2
606 3853 718 3918 laneus
749 3854 878 3918 solvens
900 3852 1039 3918 exclusis
1061 3850 1240 3936 particulis,

49 3960 142 4037 prout
172 3954 312 4023 interius
341 3955 483 4037 patebit3
518 3953 558 4019 de
591 3955 737 4037 quolibet
768 3957 862 4021 laneo
896 3974 954 4038 pro
984 3955 1067 4022 festo
1097 3956 1129 4023 S.
1153 3955 1241 4025 Geni

49 4062 175 4127 solvunt
198 4060 243 4125 64
264 4078 311 4140 gr.
333 4063 367 4124 et
389 4077 446 4140 pro
469 4059 551 4127 festo
575 4060 606 4126 S.
630 4059 763 4140 Georgii
786 4059 939 4125 similiter
960 4060 1004 4125 64
1025 4078 1071 4140 gr.
1094 4061 1177 4126 Item
1200 4063 1241 4128 de

49 4164 192 4245 quolibet
213 4162 308 4229 laneo
321 4162 419 4229 omni
452 4180 536 4229 anno
570 4163 699 4229 solvunt
729 4164 818 4243 egr.
849 4180 907 4243 pro
936 4180 1049 4229 messe.
1093 4164 1177 4230 Item
1199 4166 1239 4234 de

47 4268 191 4351 quolibet
211 4267 306 4335 laneo
328 4267 457 4333 solvvmt
482 4266 614 4333 bernam
643 4264 826 4348 generalem
848 4267 890 4333 33
913 4284 959 4347 gr.
1004 4266 1086 4331 Item
1109 4269 1240 4337 solvunt

46 4370 195 4441 denarios
224 4368 362 4439 iurnales
391 4371 432 4437 de
461 4371 606 4452 quolibet
635 4371 728 4435 laneo
759 4387 816 4451 per
848 4367 885 4455 ¹(2
919 4388 965 4451 gr.
1010 4370 1055 4437 Et
1075 4372 1237 4454 predictos

45 4486 152 4551 laneos
183 4492 335 4557 agrorum
365 4477 477 4541 tenent
505 4473 580 4539 laici
608 4470 804 4552 infrascripti
828 4477 861 4537 et
882 4473 1003 4539 habent
1029 4474 1083 4558 jus
1112 4478 1234 4560 emphi-

1098 4584 1129 4633 18
