2894 4890
229 95 357 160 solrruut
386 96 518 159 bornam
553 96 736 175 generalem
758 104 792 159 et
813 96 893 161 ‹lorrt
916 94 947 159 in
970 112 1092 159 surnruo
1117 96 1138 153 a
1160 112 1266 173 sesag.

166 200 252 277 prout
271 196 306 263 in
327 198 473 279 ipsorum
495 197 665 279 privilegio
689 198 880 281 emphiteosi
897 198 1088 263 continetur.
1123 196 1164 261 m
1181 204 1267 271 noto,

119 298 171 377 pul
189 298 331 381 predicto
361 302 439 366 uilla
458 300 638 383 Vgiezdecz
668 308 720 367 est
747 306 940 367 commutato
965 322 1021 383 pro
1056 302 1129 367 vitto
1162 302 1266 365 media

117 396 239 486 bonnm
272 412 370 487 prout
392 406 426 471 in
449 406 567 471 litt-eris
601 426 698 487 super
731 408 876 487 predicta
910 406 1163 471 cornruutacione
1194 423 1269 467 coru

42 498 81 591 ,,.,’
116 500 175 573 lctis
194 508 386 577 continetur.
424 510 504 575 Item
528 512 731 593 priuilegium
756 512 838 576 uilla
861 510 1045 595 ngezdeca
1068 510 1214 591 sequitur
1237 508 1267 571 in

44 664 65 689 g
113 602 255 679 bcrcrba
269 632 308 679 cx
324 620 416 695 porte
439 616 625 680 unorrostarli
650 616 716 681 sen
739 616 869 693 Georgii
894 635 951 698 pro
975 622 1065 696 prante
1082 612 1268 678 rrronosterii

109 706 331 783 &tubuniensis

41 888 51 895 ,
175 820 212 885 ln
235 822 365 887 nomine
390 824 521 887 domiui.
553 824 663 889 Amen.
694 826 790 889 uun
816 832 994 907 ternporum
1019 828 1178 888 reuomente
1198 840 1268 903 per·

45 960 56 1001 p
100 920 191 987 tonuit
213 924 356 990 bominis
378 930 543 1003 memoria,
580 932 796 993 necessarium
819 948 895 1005 ergo
919 936 978 1007 est,
1013 935 1050 993 ut
1072 947 1120 1005 ea,
1144 944 1205 1007 que
1228 925 1268 988 nd

95 1030 330 1103 mnumcioois
360 1037 452 1095 actus
476 1033 622 1110 tendunt,
657 1034 835 1098 litterarum
860 1035 1046 1098 testimonio
1068 1034 1268 1097 roborentur.

40 1168 46 1211 :
93 1124 142 1194 llos
156 1133 258 1213 igitur
274 1136 367 1199 Anna
382 1134 557 1203 abbatissa.
583 1138 743 1201 borotboo
768 1140 931 1217 priorissa.
953 1137 1127 1203 lietberina
1145 1135 1270 1198 kustdx

91 1242 227 1318 eumue
267 1246 445 1304 conuentus
478 1242 771 1305 sanctimonialium
806 1243 993 1305 turonosteril
1016 1240 1047 1303 S.
1072 1240 1204 1319 Georgii
1238 1240 1270 1303 iu

89 1348 179 1409 ostro
202 1342 363 1425 Pragensi
385 1343 507 1409 ordinis
530 1344 598 1407 uon
614 1342 780 1409 lleuodirti
804 1348 842 1409 od
868 1346 1086 1408 urnvorsorum
1110 1349 1175 1407 tam
1200 1360 1271 1423 pre·

88 1450 218 1517 cencium
242 1464 342 1527 quam
364 1446 546 1512 fut-turonum
563 1449 710 1528 cupiums
732 1451 899 1528 pervenire
923 1448 1083 1521 noticiam,
1108 1448 1192 1527 quod
1212 1464 1271 1509 nos

86 1554 243 1633 cupientes
274 1550 454 1632 profectum
484 1557 518 1615 et.
539 1553 714 1616 utilitatem
744 1554 843 1616 nostri
875 1552 1061 1615 monasterii
1089 1567 1271 1631 procurare,

87 1662 115 1719 nt
132 1662 226 1721 actus
248 1656 354 1720 nostri
384 1656 571 1720 monasterii
595 1676 614 1719 a
636 1658 775 1736 posteris
809 1658 928 1719 uostris
963 1655 1167 1720 inveniantur
1198 1671 1272 1734 pro-

86 1757 149 1825 icui
170 1766 207 1825 et
229 1760 401 1839 fructuosi,
425 1762 465 1824 de
488 1778 646 1826 consensu
680 1769 788 1826 tannen
822 1760 1018 1825 serenissimi
1054 1758 1208 1841 principis
1240 1764 1274 1823 et

85 1864 206 1945 domini,
230 1862 357 1927 domini
380 1860 597 1945 Wencaeslay,
622 1865 835 1929 Romanorum
871 1864 957 1944 regis
989 1882 1113 1944 sornrper
1136 1863 1273 1943 Augusti

87 1968 267 2035 usoemre
301 1968 398 2049 regis,
432 1987 472 2032 ac
505 1968 606 2032 eciam
640 1969 772 2049 speciali
805 1970 1011 2034 cornnivenoia
1043 1973 1077 2032 et
1099 1968 1274 2032 voluntatis

87 2088 236 2139 consensu
272 2072 529 2136 reverendissimi
561 2074 593 2136 in
626 2071 754 2137 Christo
784 2073 886 2153 patris
921 2078 951 2136 ot
987 2072 1117 2147 utemini,
1151 2071 1274 2135 donnini

87 2173 271 2257 Sbinconis,
311 2174 385 2239 sete
422 2176 593 2255 Progensis
631 2178 765 2240 ecclesio
805 2176 1035 2257 archiepiscopi
1076 2181 1108 2238 ot
1145 2180 1273 2256 apost-o·

87 2280 134 2345 lice
164 2282 258 2346 seclis
292 2281 402 2360 legati,
434 2283 536 2345 nostri
570 2283 753 2362 superioris,
788 2282 898 2345 villam
931 2285 1073 2345 orostram
1096 2278 1272 2358 Vgiezdecz

87 2382 208 2465 dutum,
231 2402 349 2449 versus
371 2382 542 2449 Woronam
566 2402 666 2465 prope
684 2386 800 2448 uillam
818 2383 990 2465 Horzelvcz
1014 2384 1176 2461 situatam,
1201 2399 1273 2446 cnm

88 2487 158 2574 llll,
185 2505 298 2567 sesag.
323 2505 474 2551 censuum
499 2487 626 2550 divisim
651 2487 859 2568 percipiendi,
885 2488 1034 2551 videlicet
1064 2487 1097 2550 in
1128 2485 1211 2550 testo
1241 2485 1272 2549 S.

87 2590 211 2675 Georgii
236 2592 256 2655 8
282 2608 387 2671 sesag.
413 2596 445 2653 et
470 2592 501 2655 in
523 2588 605 2653 festo
630 2589 660 2653 S.
686 2589 770 2653 llalti
795 2590 815 2649 9
840 2609 911 2655 cum
935 2591 1041 2654 teredio
1057 2608 1163 2669 serug.
1182 2590 1273 2653 annis

87 2696 215 2778 siugulis
241 2700 276 2759 et
297 2694 497 2774 temporibus
518 2692 694 2774 perpetuis,
729 2712 800 2759 cum
819 2694 928 2773 judice
953 2693 1110 2757 serviente
1133 2694 1168 2756 in
1191 2711 1273 2773 equo

86 2808 113 2863 et
131 2818 197 2864 nno
222 2800 319 2864 laneo
341 2799 443 2863 libero
468 2817 503 2862 ac
528 2800 630 2862 ceiam
654 2798 673 2861 8
697 2817 803 2877 sesag.
834 2797 931 2861 berne
961 2795 1089 2877 regalis,
1121 2797 1273 2877 qorociens

86 2902 282 2981 proclamata
304 2906 338 2965 et
360 2904 495 2967 collecta
517 2901 624 2981 fecerit,
649 2920 721 2965 cnm
745 2902 892 2965 omnibus
916 2906 949 2964 et
963 2901 1099 2979 siugulis
1114 2900 1155 2965 ad
1170 2900 1273 2981 ipsam

86 3010 180 3069 totum
204 3006 317 3071 villam
340 3008 577 3087 pertinentibus
601 3025 638 3070 ac
660 3008 754 3085 pleno
774 3008 848 3085 jone
870 3006 985 3071 directi
1008 3006 1152 3087 donnnii,
1176 3005 1275 3071 nichil

87 3109 173 3175 nobis
196 3128 238 3173 ac
260 3111 457 3174 monasterio
481 3115 590 3175 nostro
616 3111 648 3174 iu
672 3112 783 3173 eadem
807 3112 883 3175 villa
904 3112 1034 3193 penitus
1063 3116 1274 3189 reservantes,

86 3232 151 3279 cum
175 3214 358 3279 venerabili
379 3214 412 3277 in
431 3212 558 3279 Christo
574 3219 665 3294 pat-re
682 3220 715 3277 et
730 3216 868 3297 donuae,
893 3217 1021 3282 donnino
1037 3216 1132 3280 Petro
1150 3215 1275 3289 abbate,

86 3317 216 3386 Nicoleo
239 3320 358 3400 priore,
380 3317 503 3383 Thema
526 3320 694 3399 subpriore
724 3338 762 3385 ac
794 3325 862 3383 toto
897 3326 1055 3384 conventu
1089 3317 1276 3384 monasterii

88 3421 206 3490 llontis
230 3423 316 3506 Syon
341 3423 424 3487 allas
448 3422 693 3488 Stra-boniensis
716 3423 800 3487 intro
826 3443 935 3488 muros
968 3422 1104 3488 Minoris
1134 3422 1276 3487 civitatis

87 3524 257 3610 Progensie
302 3527 424 3594 ordinis
472 3528 780 3591 Premonstratensis
818 3530 1104 3608 comminuimus,
1150 3530 1277 3590 mature

86 3638 191 3697 tamen
215 3636 249 3697 ct
272 3630 385 3695 solerti
408 3631 644 3696 deliberacione
667 3648 704 3694 ac
727 3632 897 3712 capitulari
930 3632 1015 3697 inter
1048 3650 1107 3697 nos
1136 3634 1276 3695 mactatu

87 3734 264 3815 prenobilis
287 3740 322 3799 et
343 3736 444 3800 eciam
469 3736 642 3799 amicorum
676 3734 819 3798 fidelium
843 3740 876 3798 et
897 3736 1054 3800 nobilium
1088 3752 1184 3816 super
1215 3735 1277 3801 hoc

87 3858 141 3907 nnc
164 3842 312 3921 consilio,
344 3858 402 3922 pro
427 3841 533 3905 media
561 3840 636 3904 villa
663 3839 815 3904 Podmokl
843 3839 883 3903 ad
910 3840 1090 3920 predictum
1116 3845 1277 3904 monaste-

88 3945 166 4011 rlum
191 3950 370 4027 spectante,
394 3950 427 4009 ct
449 3946 509 4010 hoc
532 3944 662 4009 racione
684 3943 808 4024 piscine
831 3943 950 4007 ibidem
974 3962 1031 4024 per
1053 3957 1111 4005 uos
1134 3944 1175 4006 de
1194 3962 1276 4009 nouo

89 4051 188 4116 nostri
224 4048 414 4117 monosterii
451 4053 581 4131 propter
618 4047 793 4113 utilitatem
831 4050 1033 4123 constructe,
1071 4061 1168 4123 quam
1205 4048 1278 4113 abs·

89 4170 148 4237 que
175 4154 268 4239 prlus
298 4155 379 4220 dicti
400 4154 587 4221 monasterii
610 4151 854 4219 Strohoviensis
885 4156 918 4217 et
946 4148 1127 4216 incolarum
1157 4149 1278 4219 ibidem
