2894 4890
269 449 350 514 Item
372 448 530 532 Dusniky.

269 555 350 617 Item
373 552 498 620 Hostin.

268 657 349 722 Item
371 656 490 721 Bukur.

269 761 349 824 Item
371 759 580 826 Niemezieze.

269 865 350 928 Item
374 865 544 947 Demezky.

270 970 352 1033 Item
374 967 558 1033 Zalerlieze.

270 1074 352 1138 Item
373 1073 536 1137 Drzenow.

269 1176 351 1242 Item
373 1176 510 1257 Kopeez.

269 1280 353 1345 Item
375 1279 596 1362 Korzyeziani.

272 1384 355 1448 Item
376 1382 549 1466 Brzezany.

269 1489 351 1552 Item
373 1486 571 1553 Pesterzim.

272 1591 353 1657 Item
376 1591 577 1675 Zneyezieze.

273 1697 355 1761 Item
377 1694 562 1761 Zatwerzie.

272 1801 354 1865 Item
377 1798 551 1866 Streehew.

270 1905 352 1969 Item
375 1904 489 1969 Zluzin
500 1901 538 1988 ¹).

271 2008 353 2072 Item
375 2007 559 2075 Diedibabi.

270 2111 353 2175 Item
375 2108 606 2193 Woykewiere.
628 2106 631 2110 ’
663 2186 664 2189 ¹

270 2214 353 2280 Item
375 2213 519 2282 Lurieez.

271 2317 353 2384 Item
376 2318 625 2386 Kozarzewieze.

270 2423 353 2488 Item
376 2423 510 2487 Zatwer.

272 2526 354 2592 Item
378 2526 553 2609 Dussniky.

272 2632 353 2696 Item
375 2628 550 2712 Vgeadeez.

273 2735 355 2800 Item
378 2732 513 2799 Slatina.

273 2862 390 2929 Villa
412 2863 659 2931 Hradiatke.

272 2968 310 3034 In
332 2969 410 3035 ville
431 2968 593 3036 Hradiako
619 2972 658 3036 16
681 2988 727 3051 gr.
752 2970 924 3035 solvuntur
947 2967 1047 3032 semel
1070 2965 1155 3032 111111
1178 2984 1309 3032 annum.

272 3073 355 3139 Item
366 3073 594 3140 honoraneiam
606 3075 647 3140 ad
658 3074 872 3140 Nativitatem
887 3070 1010 3137 domini
1024 3088 1083 3152 pro
1100 3069 1228 3137 duobus
1243 3070 1365 3155 grossis

174 3179 207 3239 et
229 3177 270 3241 ad
292 3195 389 3256 pasca
412 3197 469 3259 pre
493 3177 619 3244 duobus
642 3197 688 3259 gr.

79 3307 159 3348 1311·
276 3303 643 3386 Villanezdeez.
1123 3366 1126 3373 ,
1200 3382 1202 3387 A

276 3406 314 3471 In
328 3406 414 3473 willa
427 3405 592 3487 Vgezdeez
615 3411 690 3473 sunt
701 3409 770 3490 Jam
788 3408 887 3474 loeati
903 3404 967 3493 21,
983 3407 1081 3488 lanei,
1103 3410 1137 3472 et
1158 3407 1200 3472 de
1223 3408 1367 3497 quolibet

173 3511 267 3575 laneo
285 3509 404 3576 debent
419 3510 543 3575 solvere
560 3510 691 3594 Georgii
707 3512 748 3579 48
765 3532 811 3594 gr.
829 3517 862 3577 et
878 3511 964 3577 Galli
986 3511 1028 3577 48
1045 3530 1090 3595 gr.
1114 3514 1148 3576 et
1170 3508 1237 3576 alia
1259 3511 1366 3579 subire

174 3614 293 3680 debent
316 3614 401 3679 sieut
423 3614 577 3696 oppidum
601 3612 737 3681 Glumin.
1154 3600 1156 3605 ¹

277 3742 394 3808 Villa
416 3743 761 3811 Trzebostewiez.

276 3847 315 3913 111
336 3846 415 3912 villa
437 3845 687 3914 Trzebostowicz
711 3853 786 3914 sunt
818 3851 881 3914 due
912 3853 1042 3915 arature
1076 3867 1149 3917 eum
1181 3849 1366 3926 municione

175 3955 209 4014 et
231 3951 342 4032 pretia.

278 4080 396 4146 Villa
419 4081 575 4147 Wikan.

275 4184 313 4247 111
337 4184 414 4248 villa
436 4183 561 4266 Wykan
585 4189 659 4250 aunt
692 4184 733 4248 35
766 4183 965 4248 hereditates
999 4203 1071 4250 eum
1106 4185 1187 4250 ertia
1209 4186 1368 4267 etpretia

176 4289 400 4368 computande,
425 4291 458 4352 et
472 4287 618 4368 quelibet
639 4304 749 4351 earum
763 4287 849 4367 eapit
870 4285 913 4350 54
928 4305 1104 4371 mensuras,
1122 4292 1154 4353 et
1169 4289 1210 4352 de
1225 4288 1370 4371 qualibet

197 4534 201 4542 ·
231 4504 249 4570 ¹)
276 4504 388 4558 Zbuzau
409 4513 433 4558 2,
