2894 4890
1143 246 1221 324 'lilii

193 462 333 529 mediam
363 482 421 546 pro
452 467 589 532 servicio
619 465 737 532 habere
749 462 786 548 ¹).
831 465 913 532 Item
943 467 1073 533 abluunt
1093 468 1134 534 ue
1156 487 1222 533 nna

134 566 206 632 'tate
231 568 337 635 nolum
368 569 410 635 32
433 589 478 652 gr.
509 573 543 635 et
571 572 592 635 6
621 569 737 652 pullos.
783 570 865 636 Item
888 570 1006 637 debent
1035 576 1157 639 metere
1179 573 1220 639 (le

138 672 180 738 20
202 673 343 754 capecia.
367 672 450 739 Item
471 674 608 740 tantalea
631 690 695 738 non
719 676 856 739 solvunt.

75 790 79 799 ·
130 772 328 841 81111132
351 794 409 860 gr,
432 776 570 843 fumalea
592 777 702 845 nichil.

125 933 382 1001 Kamcnako.

122 1053 215 1121 Villa
229 1054 417 1122 Kamenako
433 1056 532 1121 habet
554 1058 700 1123 blancos
723 1058 829 1123 minua
848 1075 912 1123 unc
927 1056 1053 1127 frutice,
1076 1056 1221 1137 Quilibet

69 1178 136 1227 reue
158 1159 264 1225 noluit
285 1158 456 1225 annuatim
478 1179 575 1226 unam
598 1179 705 1243 nerag.
728 1162 835 1231 minua
857 1180 969 1245 greeae
992 1160 1046 1247 [i].
1076 1163 1158 1229 Item
1181 1162 1221 1228 de

69 1263 124 1331 uio
138 1281 204 1346 per
219 1264 241 1329 2
257 1281 304 1345 gr.
328 1263 412 1329 Item
433 1262 473 1330 de
490 1265 591 1331 berna
612 1264 711 1331 solvit
724 1265 862 1347 quilibet
883 1267 997 1335 laneus
1012 1263 1051 1349 ¹1,
1068 1282 1219 1348 marcam,

69 1369 265 1435 cnmnnelea
295 1386 394 1433 unum
424 1385 470 1449 gr.
500 1369 583 1434 Item
616 1368 754 1436 iumalen
782 1371 928 1450 qualibet
956 1370 1071 1439 domus
1102 1367 1140 1459 ¹l,
1154 1388 1218 1454 ,ga

69 1492 97 1539 m
120 1476 176 1540 cat
208 1490 311 1539 unum
340 1471 571 1552 molendinum,
605 1473 692 1554 qued
722 1473 888 1540 annuatim
919 1474 1016 1540 noluit
1045 1476 1088 1539 20
1110 1476 1219 1557 greum

69 1595 123 1658 nu,
146 1577 193 1642 de
217 1575 320 1641 bema
342 1593 418 1640 vero
438 1574 458 1637 9
477 1594 523 1656 gr.
544 1579 579 1640 et
601 1594 673 1643 cum
696 1576 978 1645 delencicnalibm.
1009 1576 1091 1647 Item
1113 1580 1220 1660 prori-

69 1680 181 1746 nariua
204 1678 380 1745 &lamara
402 1683 493 1745 tenet
515 1681 535 1745 3
558 1684 690 1761 quartas
720 1685 756 1745 et
775 1681 932 1763 quosdam
955 1699 1061 1763 agros,
1084 1684 1215 1764 quive

69 1788 127 1851 rtur
157 1784 357 1868 kaliaaczye‚
396 1784 436 1849 de
470 1785 587 1865 quihus
619 1785 720 1850 nichil
750 1785 856 1851 solvit.
901 1785 944 1849 Et
973 1789 1050 1851 aunt
1078 1787 1215 1867 quedam

69 1894 106 1954 ta
128 1894 165 1955 et
188 1887 310 1954 rubeta
332 1887 400 1953 aive
423 1887 511 1967 silve,
536 1906 597 1969 que
621 1889 729 1953 omnia
749 1891 840 1953 tenet
861 1887 930 1969 ipse
952 1888 1214 1969 provinienamua.

115 2041 400 2128 Byecharzie.
1092 2094 1096 2105 .
1227 2061 1300 2105 aa.

117 2165 214 2233 Villa
237 2165 401 2249 Byechara
430 2168 520 2231 tenet
548 2164 735 2245 40111111,
765 2163 901 2245 quilibet
931 2166 1029 2231 solvit
1051 2167 1217 2233 annuatim

69 2290 111 2337 nn
134 2287 296 2336 marcam.
333 2268 416 2334 Item
437 2269 537 2334 habet
558 2269 602 2332 40
625 2273 724 2349 ortos,
756 2268 893 2348 quilibet
923 2271 1021 2336 solvit
1049 2271 1217 2337 annuatim

76 2394 124 2458 gr.
150 2376 241 2440 Item
256 2372 369 2440 Slotak
392 2372 514 2439 tenatt
531 2372 659 2453 lanc0a3
683 2372 723 2437 de
746 2373 872 2438 duobus
888 2373 987 2439 nichil
1010 2375 1116 2457 solvit,
1139 2375 1217 2457 qnia

69 2485 110 2545 let
134 2478 265 2546 servire
288 2496 361 2543 cum
383 2476 512 2557 balista,
542 2477 639 2541 etde
662 2475 788 2542 duobus
810 2481 939 2544 tenetur
961 2479 1095 2546 solvere
1133 2478 1216 2544 Item

69 2591 111 2650 let
136 2580 202 2668 l¹l2
230 2586 336 2648 ortum
360 2587 393 2647 et
414 2587 544 2647 tenetur
566 2581 700 2646 solvere.
732 2581 813 2646 Item
836 2585 927 2647 tenet
948 2601 1044 2650 unam
1068 2580 1215 2665 quartam

70 2690 178 2768 conis,
202 2689 245 2752 de
261 2705 326 2769 qua
341 2690 472 2752 tenetur
487 2686 618 2751 solvere.
643 2683 726 2750 Item
741 2704 837 2767 preco
852 2689 942 2752 tenet
956 2705 1053 2753 unam
1068 2694 1216 2770 quartam

69 2830 71 2843 ·
102 2789 258 2858 servicio.
304 2791 387 2854 Item
417 2791 499 2855 duos
537 2789 656 2855 debent
688 2794 810 2854 metere
844 2791 922 2855 dies.
968 2792 1049 2856 Item
1079 2789 1215 2857 himalas

69 2896 163 2960 libet
187 2893 303 2959 domus
329 2893 366 2978 ¹l,
384 2911 430 2973 gr.
454 2894 535 2957 Item
552 2895 615 2958 due
638 2893 772 2958 taberne
788 2894 916 2959 solvunt
937 2892 1024 2959 circa
1045 2894 1216 2976 carnispri-

69 3019 99 3069 m
123 3018 187 3081 per
212 2998 253 3063 16
277 3016 322 3079 gr.
346 2999 522 3062 annuatim.
561 2998 643 3063 ltem
665 3001 792 3079 pratum
822 2985 912 3062 tenet
932 2997 1065 3080 Niczlm,
1087 2999 1127 3064 de
1151 3017 1214 3080 qno

69 3108 89 3169 lt
111 3102 286 3169 annuatim
309 3103 352 3168 80
375 3121 419 3183 gr.
466 3102 548 3167 Item
570 3102 611 3165 de
642 3102 742 3168 berna
775 3100 815 3165 de
837 3100 931 3165 laneo
962 3098 994 3185 Ἀ
1019 3098 1158 3191 marcam
1181 3106 1216 3171 et

69 3205 261 3275 encionalca
286 3207 302 3271 1
328 3225 373 3289 gr.
398 3206 479 3270 Item
502 3205 543 3269 de
567 3205 647 3271 ortis
669 3205 770 3270 berna
792 3222 855 3268 non
878 3204 1022 3271 solvitur.
1143 3278 1147 3285 ,
1189 3260 1192 3265 .

118 3330 206 3394 Item
230 3331 279 3392 ent
310 3346 374 3392 una
404 3328 493 3393 curia
524 3325 649 3405 Ghraat
683 3345 746 3408 que
775 3326 927 3413 hahet-2
959 3328 1082 3409 laneos,
1118 3296 1213 3421 quam

69 3433 149 3497 dem
173 3430 315 3496 wladika
337 3432 377 3495 de
399 3429 551 3495 Weaseca
572 3433 662 3495 tenet
684 3432 717 3494 et
738 3428 872 3496 deberet
894 3430 1025 3496 servire.

116 3588 412 3669 Budczyewes.

116 3708 211 3776 Villa
224 3707 437 3790 Budczyewea
450 3711 539 3772 tenet
555 3707 574 3768 6
590 3707 701 3771 laneus
724 3712 757 3771 et
775 3726 874 3773 unum
890 3708 1053 3789 quartale;¹
1077 3709 1214 3791 quilibet

69 3815 110 3879 rit
135 3811 306 3876 annuatim
330 3829 426 3875 unam
449 3828 599 3875 marcam.
645 3809 726 3874 Item
748 3806 885 3891 quilibet
916 3812 1030 3875 laneus
1054 3810 1150 3889 solvit
1169 3802 1212 3875 'de

69 3917 211 3984 busdam
222 3915 326 3996 pratis
351 3915 391 3978 10
406 3935 452 3996 gr.
477 3915 642 3979 annuatim
665 3916 750 3979 circa
772 3915 889 3981 festum
912 3914 1008 3979 Galli.
1038 3915 1120 4005 Item
1138 3904 1213 3995 qul-

69 4027 89 4087 =t
113 4023 236 4086 laneus
259 4020 357 4084 solvit
381 4021 421 4085 10
441 4019 619 4084 strichcnes
644 4038 742 4085 avene
773 4020 857 4084 circa
880 4018 967 4083 Galli
996 4023 1030 4083 et
1053 4008 1212 4099 ebulos.

69 4147 90 4191 n
109 4127 197 4190 duos
213 4124 284 4188 dies
299 4129 429 4187 metere.
453 4124 535 4187 Item
551 4123 590 4186 de
606 4124 707 4196 berna
729 4124 867 4204 quilibet
880 4123 993 4215 laneun
1019 4116 1057 4209 ¹l‚'
1072 4108 1213 4187 hareth

69 4247 171 4296 unum
197 4246 244 4309 gr.
267 4226 512 4294 delencionales.
537 4228 625 4292 Item
640 4227 777 4293 fumales
801 4226 944 4309 quelibet
966 4227 1079 4292 domus
1102 4200 1212 4312 lilii.

69 4387 226 4400 -ae-——fl'

69 4461 90 4525 ι)
111 4455 153 4510 In
172 4451 345 4523 margine:
372 4452 446 4507 Nota
463 4452 508 4507 hic
527 4451 560 4505 de
578 4450 721 4507 Marasone
739 4449 946 4527 provisionaric,
966 4452 1011 4522 qui
1030 4408 1118 4537 nichil
1132 4408 1214 4529 nollit

114 4540 153 4596 de
177 4542 208 4611 Ἰ,
229 4537 390 4597 hereditate.
908 4544 911 4553 ·
995 4542 997 4547 ·
1165 4534 1198 4567 .;ι

1076 4624 1108 4672 7*
