<?xml version="1.0" encoding="UTF-8"?>
<!DOCTYPE html PUBLIC "-//W3C//DTD XHTML 1.0 Transitional//EN"
    "http://www.w3.org/TR/xhtml1/DTD/xhtml1-transitional.dtd">
<html xmlns="http://www.w3.org/1999/xhtml" xml:lang="en" lang="en">
 <head>
  <title>
</title>
<meta http-equiv="Content-Type" content="text/html;charset=utf-8" />
  <meta name='ocr-system' content='tesseract 3.04.00' />
  <meta name='ocr-capabilities' content='ocr_page ocr_carea ocr_par ocr_line ocrx_word'/>
</head>
<body>
  <div class='ocr_page' id='page_1' title='image "./decemregistrace00emlegoog/decemregistrace00emlegoog_0203.png"; bbox 0 0 2894 4890; ppageno 0'>
   <div class='ocr_carea' id='block_1_1' title="bbox 195 201 261 266">
    <p class='ocr_par' dir='ltr' id='par_1_1' title="bbox 195 201 261 266">
     <span class='ocr_line' id='line_1_1' title="bbox 195 201 261 266; baseline -0.03 0"><span class='ocrx_word' id='word_1_1' title='bbox 195 201 261 266; x_wconf 80' lang='lat'>184</span> 
     </span>
    </p>
   </div>
   <div class='ocr_carea' id='block_1_2' title="bbox 108 402 1439 4347">
    <p class='ocr_par' dir='ltr' id='par_1_2' title="bbox 108 402 1439 4347">
     <span class='ocr_line' id='line_1_2' title="bbox 299 402 1439 535; baseline 0 -64"><span class='ocrx_word' id='word_1_2' title='bbox 299 405 431 472; x_wconf 85' lang='lat' dir='ltr'>Summa</span> <span class='ocrx_word' id='word_1_3' title='bbox 454 407 587 489; x_wconf 82' lang='lat' dir='ltr'>Georgii</span> <span class='ocrx_word' id='word_1_4' title='bbox 610 405 671 491; x_wconf 77' lang='lat' dir='ltr'>2¹lr</span> <span class='ocrx_word' id='word_1_5' title='bbox 696 425 805 489; x_wconf 81' lang='lat' dir='ltr'>serug</span> <span class='ocrx_word' id='word_1_6' title='bbox 837 404 945 470; x_wconf 89' lang='lat' dir='ltr'>minus</span> <span class='ocrx_word' id='word_1_7' title='bbox 976 406 997 470; x_wconf 92' lang='grc'>6</span> <span class='ocrx_word' id='word_1_8' title='bbox 1018 423 1129 486; x_wconf 82' lang='lat' dir='ltr'>parus</span> <span class='ocrx_word' id='word_1_9' title='bbox 1158 410 1193 470; x_wconf 90' lang='lat' dir='ltr'>et</span> <span class='ocrx_word' id='word_1_10' title='bbox 1222 402 1439 535; x_wconf 51' lang='grc' dir='ltr'>00111201μῖν</span> 
     </span>
     <span class='ocr_line' id='line_1_3' title="bbox 194 510 945 594; baseline -0.003 -17"><span class='ocrx_word' id='word_1_11' title='bbox 194 530 300 594; x_wconf 78' lang='lat' dir='ltr'>serug.</span> <span class='ocrx_word' id='word_1_12' title='bbox 324 512 429 579; x_wconf 90' lang='lat' dir='ltr'>minus</span> <span class='ocrx_word' id='word_1_13' title='bbox 453 515 473 578; x_wconf 98' lang='grc'>6</span> <span class='ocrx_word' id='word_1_14' title='bbox 495 512 603 594; x_wconf 83' lang='lat' dir='ltr'>parvis</span> <span class='ocrx_word' id='word_1_15' title='bbox 627 518 661 575; x_wconf 92' lang='lat' dir='ltr'>et</span> <span class='ocrx_word' id='word_1_16' title='bbox 682 512 832 577; x_wconf 86' lang='lat' dir='ltr'><strong>undecim</strong></span> <span class='ocrx_word' id='word_1_17' title='bbox 854 510 945 591; x_wconf 92' lang='lat' dir='ltr'>pulli.</span> 
     </span>
     <span class='ocr_line' id='line_1_4' title="bbox 293 613 1439 698; baseline -0.001 -17"><span class='ocrx_word' id='word_1_18' title='bbox 293 617 375 681; x_wconf 85' lang='lat' dir='ltr'><strong>Item</strong></span> <span class='ocrx_word' id='word_1_19' title='bbox 398 618 438 683; x_wconf 95' lang='lat' dir='ltr'>de</span> <span class='ocrx_word' id='word_1_20' title='bbox 469 617 613 698; x_wconf 86' lang='lat' dir='ltr'>predicto</span> <span class='ocrx_word' id='word_1_21' title='bbox 649 634 748 682; x_wconf 83' lang='lat' dir='ltr'>censu</span> <span class='ocrx_word' id='word_1_22' title='bbox 778 616 898 681; x_wconf 87' lang='lat' dir='ltr'>debent</span> <span class='ocrx_word' id='word_1_23' title='bbox 931 613 1069 680; x_wconf 85' lang='lat' dir='ltr'>habere:</span> <span class='ocrx_word' id='word_1_24' title='bbox 1104 613 1304 681; x_wconf 74' lang='lat' dir='ltr'><strong>sacristanus</strong></span> <span class='ocrx_word' id='word_1_25' title='bbox 1326 627 1439 680; x_wconf 68' lang='lat' dir='ltr'>ma·</span> 
     </span>
     <span class='ocr_line' id='line_1_5' title="bbox 194 717 1439 802; baseline -0.006 -17"><span class='ocrx_word' id='word_1_26' title='bbox 194 740 252 787; x_wconf 88' lang='lat' dir='ltr'>nas</span> <span class='ocrx_word' id='word_1_27' title='bbox 254 722 328 787; x_wconf 88' lang='lat' dir='ltr'>terii</span> <span class='ocrx_word' id='word_1_28' title='bbox 351 722 563 787; x_wconf 85' lang='lat' dir='ltr'>Brzeunou</span> <span class='ocrx_word' id='word_1_29' title='bbox 553 741 588 785; x_wconf 91' lang='lat' dir='ltr'>m</span> <span class='ocrx_word' id='word_1_30' title='bbox 610 721 662 786; x_wconf 90' lang='lat' dir='ltr'>die</span> <span class='ocrx_word' id='word_1_31' title='bbox 687 743 712 787; x_wconf 91' lang='lat' dir='ltr'>s.</span> <span class='ocrx_word' id='word_1_32' title='bbox 733 719 866 801; x_wconf 84' lang='lat' dir='ltr'>Georgii</span> <span class='ocrx_word' id='word_1_33' title='bbox 889 722 922 784; x_wconf 88' lang='lat' dir='ltr'>et</span> <span class='ocrx_word' id='word_1_34' title='bbox 946 718 1052 783; x_wconf 91' lang='lat' dir='ltr'>indie</span> <span class='ocrx_word' id='word_1_35' title='bbox 1074 737 1101 783; x_wconf 91' lang='lat' dir='ltr'>s.</span> <span class='ocrx_word' id='word_1_36' title='bbox 1119 717 1209 784; x_wconf 88' lang='lat' dir='ltr'>Galli</span> <span class='ocrx_word' id='word_1_37' title='bbox 1233 723 1253 785; x_wconf 83' lang='lat'><strong>2</strong></span> <span class='ocrx_word' id='word_1_38' title='bbox 1275 738 1386 802; x_wconf 76' lang='lat' dir='ltr'>sesag,</span> <span class='ocrx_word' id='word_1_39' title='bbox 1416 738 1439 778; x_wconf 58' lang='lat' dir='ltr'>r:</span> 
     </span>
     <span class='ocr_line' id='line_1_6' title="bbox 194 822 1439 909; baseline -0.006 -18"><span class='ocrx_word' id='word_1_40' title='bbox 194 827 357 893; x_wconf 77' lang='lat' dir='ltr'>residuam</span> <span class='ocrx_word' id='word_1_41' title='bbox 380 846 456 894; x_wconf 89' lang='lat' dir='ltr'>vero</span> <span class='ocrx_word' id='word_1_42' title='bbox 490 832 614 909; x_wconf 86' lang='lat' dir='ltr'>partem</span> <span class='ocrx_word' id='word_1_43' title='bbox 649 846 766 892; x_wconf 85' lang='lat' dir='ltr'>census</span> <span class='ocrx_word' id='word_1_44' title='bbox 799 824 897 890; x_wconf 90' lang='lat' dir='ltr'>debet</span> <span class='ocrx_word' id='word_1_45' title='bbox 930 822 1050 888; x_wconf 89' lang='lat' dir='ltr'>habere</span> <span class='ocrx_word' id='word_1_46' title='bbox 1084 828 1196 889; x_wconf 83' lang='lat' dir='ltr'>eustos</span> <span class='ocrx_word' id='word_1_47' title='bbox 1229 823 1387 906; x_wconf 76' lang='lat' dir='ltr'>siluamm</span> <span class='ocrx_word' id='word_1_48' title='bbox 1412 822 1439 884; x_wconf 57' lang='lat'>⁴2·</span> 
     </span>
     <span class='ocr_line' id='line_1_7' title="bbox 194 928 1420 1015; baseline -0.004 -19"><span class='ocrx_word' id='word_1_49' title='bbox 194 933 299 1014; x_wconf 92' lang='lat' dir='ltr'>pullos</span> <span class='ocrx_word' id='word_1_50' title='bbox 321 951 396 999; x_wconf 87' lang='lat' dir='ltr'>vero</span> <span class='ocrx_word' id='word_1_51' title='bbox 419 934 577 1015; x_wconf 90' lang='lat' dir='ltr'>plebanus</span> <span class='ocrx_word' id='word_1_52' title='bbox 600 934 634 996; x_wconf 92' lang='lat' dir='ltr'>in</span> <span class='ocrx_word' id='word_1_53' title='bbox 657 930 823 996; x_wconf 87' lang='lat' dir='ltr'>Gosteleen</span> <span class='ocrx_word' id='word_1_54' title='bbox 845 934 880 993; x_wconf 91' lang='lat' dir='ltr'>et</span> <span class='ocrx_word' id='word_1_55' title='bbox 901 928 1032 994; x_wconf 85' lang='lat' dir='ltr'>bernam</span> <span class='ocrx_word' id='word_1_56' title='bbox 1056 928 1166 995; x_wconf 84' lang='lat' dir='ltr'>abbas.</span> <span class='ocrx_word' id='word_1_57' title='bbox 1417 928 1420 937; x_wconf 88' lang='lat'>&#39;</span> 
     </span>
     <span class='ocr_line' id='line_1_8' title="bbox 295 1031 1388 1116; baseline -0.005 -14"><span class='ocrx_word' id='word_1_58' title='bbox 295 1036 427 1102; x_wconf 87' lang='lat' dir='ltr'>Summa</span> <span class='ocrx_word' id='word_1_59' title='bbox 460 1056 575 1103; x_wconf 80' lang='lat' dir='ltr'>census</span> <span class='ocrx_word' id='word_1_60' title='bbox 608 1038 643 1101; x_wconf 91' lang='lat' dir='ltr'>in</span> <span class='ocrx_word' id='word_1_61' title='bbox 676 1035 768 1100; x_wconf 87' lang='lat' dir='ltr'>bonis</span> <span class='ocrx_word' id='word_1_62' title='bbox 803 1031 970 1099; x_wconf 84' lang='lat' dir='ltr'>Gosteleoz</span> <span class='ocrx_word' id='word_1_63' title='bbox 1000 1033 1048 1101; x_wconf 86' lang='grc'>,33</span> <span class='ocrx_word' id='word_1_64' title='bbox 1072 1049 1178 1114; x_wconf 79' lang='lat' dir='ltr'>sesag.</span> <span class='ocrx_word' id='word_1_65' title='bbox 1215 1033 1258 1098; x_wconf 82' lang='lat'>24</span> <span class='ocrx_word' id='word_1_66' title='bbox 1281 1052 1326 1116; x_wconf 89' lang='lat' dir='ltr'>gr.</span> <span class='ocrx_word' id='word_1_67' title='bbox 1357 1038 1388 1098; x_wconf 93' lang='lat' dir='ltr'>et</span> 
     </span>
     <span class='ocr_line' id='line_1_9' title="bbox 195 1143 1428 1223; baseline 0.001 -17"><span class='ocrx_word' id='word_1_68' title='bbox 195 1143 338 1223; x_wconf 88' lang='lat' dir='ltr'>6parvi.</span> <span class='ocrx_word' id='word_1_69' title='bbox 1424 1157 1428 1165; x_wconf 86' lang='lat'><strong>·</strong></span> 
     </span>
     <span class='ocr_line' id='line_1_10' title="bbox 296 1245 735 1312; baseline -0.005 -2"><span class='ocrx_word' id='word_1_70' title='bbox 296 1245 426 1311; x_wconf 90' lang='lat' dir='ltr'>Summa</span> <span class='ocrx_word' id='word_1_71' title='bbox 449 1264 548 1312; x_wconf 82' lang='lat' dir='ltr'>avene</span> <span class='ocrx_word' id='word_1_72' title='bbox 574 1249 635 1312; x_wconf 84' lang='lat'>123</span> <span class='ocrx_word' id='word_1_73' title='bbox 657 1247 735 1310; x_wconf 88' lang='lat' dir='ltr'>tine.</span> 
     </span>
     <span class='ocr_line' id='line_1_11' title="bbox 297 1349 708 1431; baseline 0 -17"><span class='ocrx_word' id='word_1_74' title='bbox 297 1349 427 1414; x_wconf 85' lang='lat' dir='ltr'>Summa</span> <span class='ocrx_word' id='word_1_75' title='bbox 449 1353 611 1431; x_wconf 90' lang='lat' dir='ltr'>pullorum</span> <span class='ocrx_word' id='word_1_76' title='bbox 636 1350 708 1414; x_wconf 86' lang='grc'><strong>293.</strong></span> 
     </span>
     <span class='ocr_line' id='line_1_12' title="bbox 298 1454 931 1538; baseline -0.006 -18"><span class='ocrx_word' id='word_1_77' title='bbox 298 1455 429 1521; x_wconf 90' lang='lat' dir='ltr'>Summa</span> <span class='ocrx_word' id='word_1_78' title='bbox 451 1458 491 1522; x_wconf 87' lang='lat' dir='ltr'>de</span> <span class='ocrx_word' id='word_1_79' title='bbox 515 1456 643 1537; x_wconf 85' lang='lat' dir='ltr'>siligine</span> <span class='ocrx_word' id='word_1_80' title='bbox 667 1457 708 1522; x_wconf 87' lang='grc'>68</span> <span class='ocrx_word' id='word_1_81' title='bbox 732 1460 764 1519; x_wconf 88' lang='grc'>00</span> <span class='ocrx_word' id='word_1_82' title='bbox 791 1454 827 1538; x_wconf 70' lang='lat' dir='ltr'>¹l2</span> <span class='ocrx_word' id='word_1_83' title='bbox 854 1454 931 1518; x_wconf 84' lang='lat' dir='ltr'>tius.</span> 
     </span>
     <span class='ocr_line' id='line_1_13' title="bbox 297 1559 879 1642; baseline -0.01 -17"><span class='ocrx_word' id='word_1_84' title='bbox 297 1561 427 1626; x_wconf 87' lang='lat' dir='ltr'>Summa</span> <span class='ocrx_word' id='word_1_85' title='bbox 449 1580 506 1642; x_wconf 91' lang='lat' dir='ltr'>pro</span> <span class='ocrx_word' id='word_1_86' title='bbox 529 1559 808 1641; x_wconf 72' lang='lat' dir='ltr'>fumalibus331!²</span> <span class='ocrx_word' id='word_1_87' title='bbox 835 1577 879 1639; x_wconf 89' lang='lat' dir='ltr'>gr.</span> 
     </span>
     <span class='ocr_line' id='line_1_14' title="bbox 306 1663 905 1731; baseline -0.005 -2"><span class='ocrx_word' id='word_1_88' title='bbox 306 1664 437 1730; x_wconf 90' lang='lat' dir='ltr'>Summa</span> <span class='ocrx_word' id='word_1_89' title='bbox 458 1667 583 1731; x_wconf 91' lang='lat' dir='ltr'>dierum</span> <span class='ocrx_word' id='word_1_90' title='bbox 605 1666 719 1731; x_wconf 90' lang='lat' dir='ltr'>messis</span> <span class='ocrx_word' id='word_1_91' title='bbox 742 1663 803 1728; x_wconf 81' lang='grc'>251</span> <span class='ocrx_word' id='word_1_92' title='bbox 827 1663 905 1727; x_wconf 89' lang='lat' dir='ltr'>dies.</span> 
     </span>
     <span class='ocr_line' id='line_1_15' title="bbox 306 1765 940 1850; baseline -0.006 -16"><span class='ocrx_word' id='word_1_93' title='bbox 306 1768 436 1834; x_wconf 86' lang='lat' dir='ltr'>Summa</span> <span class='ocrx_word' id='word_1_94' title='bbox 460 1770 648 1835; x_wconf 84' lang='lat' dir='ltr'>falcarionis</span> <span class='ocrx_word' id='word_1_95' title='bbox 669 1767 736 1834; x_wconf 86' lang='lat' dir='ltr'>feni</span> <span class='ocrx_word' id='word_1_96' title='bbox 758 1768 799 1831; x_wconf 79' lang='lat'>97</span> <span class='ocrx_word' id='word_1_97' title='bbox 817 1765 838 1850; x_wconf 84' lang='lat'>¹)</span> <span class='ocrx_word' id='word_1_98' title='bbox 861 1767 940 1830; x_wconf 88' lang='lat' dir='ltr'>dies.</span> 
     </span>
     <span class='ocr_line' id='line_1_16' title="bbox 306 1872 909 1955; baseline -0.003 -17"><span class='ocrx_word' id='word_1_99' title='bbox 306 1872 436 1938; x_wconf 85' lang='lat' dir='ltr'>Summa</span> <span class='ocrx_word' id='word_1_100' title='bbox 460 1875 661 1955; x_wconf 86' lang='lat' dir='ltr'>oapeoiarum</span> <span class='ocrx_word' id='word_1_101' title='bbox 685 1875 750 1938; x_wconf 92' lang='grc'>320</span> <span class='ocrx_word' id='word_1_102' title='bbox 772 1874 909 1953; x_wconf 86' lang='lat' dir='ltr'>oapeeie.</span> 
     </span>
     <span class='ocr_line' id='line_1_17' title="bbox 108 1976 742 2060; baseline 0.011 -26"><span class='ocrx_word' id='word_1_103' title='bbox 108 1995 131 2037; x_wconf 83' lang='lat' dir='ltr'>r.</span> <span class='ocrx_word' id='word_1_104' title='bbox 165 1993 205 2034; x_wconf 76' lang='lat' dir='ltr'>ros</span> <span class='ocrx_word' id='word_1_105' title='bbox 304 1976 420 2042; x_wconf 88' lang='lat' dir='ltr'>Villa</span> <span class='ocrx_word' id='word_1_106' title='bbox 442 1979 742 2060; x_wconf 83' lang='lat' dir='ltr'>Nenamyslioz.</span> 
     </span>
     <span class='ocr_line' id='line_1_18' title="bbox 297 2075 1394 2163; baseline -0.002 -21"><span class='ocrx_word' id='word_1_107' title='bbox 297 2079 335 2142; x_wconf 89' lang='lat' dir='ltr'>ln</span> <span class='ocrx_word' id='word_1_108' title='bbox 357 2080 434 2144; x_wconf 88' lang='lat' dir='ltr'>villa</span> <span class='ocrx_word' id='word_1_109' title='bbox 456 2081 673 2163; x_wconf 85' lang='lat' dir='ltr'>Neramyslioz</span> <span class='ocrx_word' id='word_1_110' title='bbox 708 2086 783 2145; x_wconf 89' lang='lat' dir='ltr'>sunt</span> <span class='ocrx_word' id='word_1_111' title='bbox 808 2080 966 2159; x_wconf 82' lang='grc'><strong>1810001,</strong></span> <span class='ocrx_word' id='word_1_112' title='bbox 1001 2085 1035 2144; x_wconf 87' lang='grc'>00</span> <span class='ocrx_word' id='word_1_113' title='bbox 1063 2080 1201 2161; x_wconf 89' lang='lat' dir='ltr'>quisque</span> <span class='ocrx_word' id='word_1_114' title='bbox 1235 2083 1327 2144; x_wconf 87' lang='lat' dir='ltr'>tenet</span> <span class='ocrx_word' id='word_1_115' title='bbox 1353 2075 1394 2142; x_wconf 79' lang='lat'>70</span> 
     </span>
     <span class='ocr_line' id='line_1_19' title="bbox 197 2181 1395 2265; baseline -0.003 -17"><span class='ocrx_word' id='word_1_116' title='bbox 197 2201 376 2264; x_wconf 79' lang='lat' dir='ltr'>mensuras,</span> <span class='ocrx_word' id='word_1_117' title='bbox 400 2189 432 2247; x_wconf 92' lang='lat' dir='ltr'>et</span> <span class='ocrx_word' id='word_1_118' title='bbox 456 2185 584 2248; x_wconf 83' lang='lat' dir='ltr'>solvunt</span> <span class='ocrx_word' id='word_1_119' title='bbox 607 2185 645 2248; x_wconf 91' lang='lat' dir='ltr'>de</span> <span class='ocrx_word' id='word_1_120' title='bbox 672 2183 817 2265; x_wconf 86' lang='lat' dir='ltr'>quolibet</span> <span class='ocrx_word' id='word_1_121' title='bbox 839 2185 933 2247; x_wconf 89' lang='lat' dir='ltr'>laneo</span> <span class='ocrx_word' id='word_1_122' title='bbox 957 2182 1090 2265; x_wconf 86' lang='lat' dir='ltr'>Georgii</span> <span class='ocrx_word' id='word_1_123' title='bbox 1113 2184 1157 2249; x_wconf 85' lang='grc'>30</span> <span class='ocrx_word' id='word_1_124' title='bbox 1178 2202 1223 2265; x_wconf 84' lang='lat' dir='ltr'>gr.</span> <span class='ocrx_word' id='word_1_125' title='bbox 1247 2187 1281 2247; x_wconf 89' lang='lat' dir='ltr'>et</span> <span class='ocrx_word' id='word_1_126' title='bbox 1306 2181 1395 2247; x_wconf 88' lang='lat' dir='ltr'>Galli</span> 
     </span>
     <span class='ocr_line' id='line_1_20' title="bbox 199 2288 310 2367; baseline -0.027 -16"><span class='ocrx_word' id='word_1_127' title='bbox 199 2288 243 2352; x_wconf 92' lang='grc'>30</span> <span class='ocrx_word' id='word_1_128' title='bbox 265 2306 310 2367; x_wconf 92' lang='lat' dir='ltr'>gr.</span> 
     </span>
     <span class='ocr_line' id='line_1_21' title="bbox 298 2389 1395 2474; baseline 0.002 -20"><span class='ocrx_word' id='word_1_129' title='bbox 298 2391 379 2455; x_wconf 82' lang='lat' dir='ltr'>Item</span> <span class='ocrx_word' id='word_1_130' title='bbox 401 2390 539 2473; x_wconf 83' lang='lat' dir='ltr'>quilibet</span> <span class='ocrx_word' id='word_1_131' title='bbox 553 2392 665 2458; x_wconf 90' lang='lat' dir='ltr'>laneus</span> <span class='ocrx_word' id='word_1_132' title='bbox 689 2391 784 2457; x_wconf 84' lang='lat' dir='ltr'>solvit</span> <span class='ocrx_word' id='word_1_133' title='bbox 808 2410 865 2473; x_wconf 87' lang='lat' dir='ltr'>pro</span> <span class='ocrx_word' id='word_1_134' title='bbox 882 2391 1029 2474; x_wconf 82' lang='lat' dir='ltr'>expensis</span> <span class='ocrx_word' id='word_1_135' title='bbox 1046 2389 1087 2455; x_wconf 91' lang='grc'>00</span> <span class='ocrx_word' id='word_1_136' title='bbox 1110 2391 1196 2457; x_wconf 86' lang='grc' dir='ltr'><strong>01οιιι</strong></span> <span class='ocrx_word' id='word_1_137' title='bbox 1218 2410 1245 2457; x_wconf 84' lang='lat' dir='ltr'>s.</span> <span class='ocrx_word' id='word_1_138' title='bbox 1263 2390 1395 2457; x_wconf 87' lang='lat' dir='ltr'>Martini</span> 
     </span>
     <span class='ocr_line' id='line_1_22' title="bbox 199 2495 1397 2578; baseline -0.002 -17"><span class='ocrx_word' id='word_1_139' title='bbox 199 2499 219 2561; x_wconf 89' lang='grc'><strong>6</strong></span> <span class='ocrx_word' id='word_1_140' title='bbox 235 2515 281 2577; x_wconf 88' lang='lat' dir='ltr'>gr.</span> <span class='ocrx_word' id='word_1_141' title='bbox 306 2501 339 2561; x_wconf 89' lang='lat' dir='ltr'>et</span> <span class='ocrx_word' id='word_1_142' title='bbox 360 2499 380 2561; x_wconf 88' lang='grc'><strong>6</strong></span> <span class='ocrx_word' id='word_1_143' title='bbox 397 2498 502 2577; x_wconf 90' lang='lat' dir='ltr'>pullos</span> <span class='ocrx_word' id='word_1_144' title='bbox 519 2499 552 2560; x_wconf 89' lang='lat' dir='ltr'>et</span> <span class='ocrx_word' id='word_1_145' title='bbox 568 2498 610 2561; x_wconf 87' lang='grc'>20</span> <span class='ocrx_word' id='word_1_146' title='bbox 632 2515 700 2577; x_wconf 83' lang='lat' dir='ltr'>ova,</span> <span class='ocrx_word' id='word_1_147' title='bbox 725 2496 821 2561; x_wconf 82' lang='lat' dir='ltr'>solvit</span> <span class='ocrx_word' id='word_1_148' title='bbox 837 2496 938 2562; x_wconf 83' lang='lat' dir='ltr'>eciam</span> <span class='ocrx_word' id='word_1_149' title='bbox 954 2516 1011 2578; x_wconf 90' lang='lat' dir='ltr'>pro</span> <span class='ocrx_word' id='word_1_150' title='bbox 1027 2495 1202 2561; x_wconf 83' lang='lat' dir='ltr'>funalibus</span> <span class='ocrx_word' id='word_1_151' title='bbox 1223 2497 1397 2578; x_wconf 75' lang='lat' dir='ltr'>supervos</span> 
     </span>
     <span class='ocr_line' id='line_1_23' title="bbox 199 2600 1394 2682; baseline 0.003 -20"><span class='ocrx_word' id='word_1_152' title='bbox 199 2606 233 2662; x_wconf 88' lang='grc'>00</span> <span class='ocrx_word' id='word_1_153' title='bbox 254 2619 312 2681; x_wconf 88' lang='lat' dir='ltr'>pro</span> <span class='ocrx_word' id='word_1_154' title='bbox 336 2601 436 2665; x_wconf 85' lang='lat' dir='ltr'>berna</span> <span class='ocrx_word' id='word_1_155' title='bbox 455 2602 494 2665; x_wconf 92' lang='grc'><strong>31</strong></span> <span class='ocrx_word' id='word_1_156' title='bbox 518 2620 575 2682; x_wconf 82' lang='lat' dir='ltr'>gn,</span> <span class='ocrx_word' id='word_1_157' title='bbox 599 2602 655 2665; x_wconf 92' lang='lat' dir='ltr'>sed</span> <span class='ocrx_word' id='word_1_158' title='bbox 671 2601 873 2682; x_wconf 86' lang='lat' dir='ltr'>wymazneho</span> <span class='ocrx_word' id='word_1_159' title='bbox 899 2603 913 2664; x_wconf 92' lang='grc'>1</span> <span class='ocrx_word' id='word_1_160' title='bbox 936 2620 992 2682; x_wconf 80' lang='lat' dir='ltr'>gn,</span> <span class='ocrx_word' id='word_1_161' title='bbox 1016 2600 1143 2681; x_wconf 90' lang='lat' dir='ltr'>quando</span> <span class='ocrx_word' id='word_1_162' title='bbox 1166 2601 1268 2666; x_wconf 92' lang='lat' dir='ltr'>berna</span> <span class='ocrx_word' id='word_1_163' title='bbox 1291 2601 1394 2665; x_wconf 89' lang='lat' dir='ltr'>datur.</span> 
     </span>
     <span class='ocr_line' id='line_1_24' title="bbox 301 2704 1397 2787; baseline 0 -19"><span class='ocrx_word' id='word_1_164' title='bbox 301 2705 381 2769; x_wconf 86' lang='lat' dir='ltr'>Item</span> <span class='ocrx_word' id='word_1_165' title='bbox 399 2708 473 2769; x_wconf 87' lang='lat' dir='ltr'>surrt</span> <span class='ocrx_word' id='word_1_166' title='bbox 488 2705 607 2769; x_wconf 88' lang='lat' dir='ltr'>ibidem</span> <span class='ocrx_word' id='word_1_167' title='bbox 623 2707 643 2769; x_wconf 90' lang='grc'><strong>4</strong></span> <span class='ocrx_word' id='word_1_168' title='bbox 660 2705 750 2769; x_wconf 88' lang='lat' dir='ltr'>radla</span> <span class='ocrx_word' id='word_1_169' title='bbox 767 2705 808 2769; x_wconf 89' lang='lat' dir='ltr'>ad</span> <span class='ocrx_word' id='word_1_170' title='bbox 825 2705 974 2769; x_wconf 87' lang='lat' dir='ltr'>abbatem</span> <span class='ocrx_word' id='word_1_171' title='bbox 989 2704 1199 2785; x_wconf 80' lang='lat' dir='ltr'>pertinencia,</span> <span class='ocrx_word' id='word_1_172' title='bbox 1221 2705 1397 2787; x_wconf 89' lang='lat' dir='ltr'>dequibus</span> 
     </span>
     <span class='ocr_line' id='line_1_25' title="bbox 199 2807 1395 2890; baseline 0.002 -20"><span class='ocrx_word' id='word_1_173' title='bbox 199 2807 276 2871; x_wconf 87' lang='lat' dir='ltr'>ville</span> <span class='ocrx_word' id='word_1_174' title='bbox 296 2808 536 2890; x_wconf 86' lang='lat' dir='ltr'>Nenamysliene</span> <span class='ocrx_word' id='word_1_175' title='bbox 559 2815 592 2873; x_wconf 91' lang='lat' dir='ltr'>et</span> <span class='ocrx_word' id='word_1_176' title='bbox 615 2809 783 2890; x_wconf 79' lang='lat' dir='ltr'>Domoran,</span> <span class='ocrx_word' id='word_1_177' title='bbox 812 2809 1006 2874; x_wconf 85' lang='lat' dir='ltr'>Ziebowiene</span> <span class='ocrx_word' id='word_1_178' title='bbox 1029 2813 1181 2873; x_wconf 87' lang='lat' dir='ltr'>tenentur</span> <span class='ocrx_word' id='word_1_179' title='bbox 1203 2808 1312 2874; x_wconf 87' lang='lat' dir='ltr'>fenum</span> <span class='ocrx_word' id='word_1_180' title='bbox 1335 2809 1395 2874; x_wconf 90' lang='lat' dir='ltr'>fal-</span> 
     </span>
     <span class='ocr_line' id='line_1_26' title="bbox 201 2911 1397 2995; baseline 0.003 -21"><span class='ocrx_word' id='word_1_181' title='bbox 201 2930 283 2992; x_wconf 75' lang='grc'><strong>0000,</strong></span> <span class='ocrx_word' id='word_1_182' title='bbox 301 2911 430 2991; x_wconf 80' lang='lat' dir='ltr'>siccare,</span> <span class='ocrx_word' id='word_1_183' title='bbox 448 2932 639 2994; x_wconf 84' lang='lat' dir='ltr'>componere</span> <span class='ocrx_word' id='word_1_184' title='bbox 656 2920 689 2977; x_wconf 88' lang='lat' dir='ltr'>et</span> <span class='ocrx_word' id='word_1_185' title='bbox 705 2914 747 2977; x_wconf 97' lang='grc'>00</span> <span class='ocrx_word' id='word_1_186' title='bbox 763 2931 890 2979; x_wconf 87' lang='lat' dir='ltr'>orreum</span> <span class='ocrx_word' id='word_1_187' title='bbox 907 2915 1078 2994; x_wconf 84' lang='lat' dir='ltr'>adducere,</span> <span class='ocrx_word' id='word_1_188' title='bbox 1095 2918 1128 2979; x_wconf 83' lang='lat' dir='ltr'>et</span> <span class='ocrx_word' id='word_1_189' title='bbox 1143 2932 1254 2978; x_wconf 90' lang='lat' dir='ltr'>omnes</span> <span class='ocrx_word' id='word_1_190' title='bbox 1270 2919 1397 2995; x_wconf 86' lang='lat' dir='ltr'>segetes</span> 
     </span>
     <span class='ocr_line' id='line_1_27' title="bbox 200 3013 1396 3099; baseline 0.003 -22"><span class='ocrx_word' id='word_1_191' title='bbox 200 3013 356 3079; x_wconf 84' lang='lat' dir='ltr'>hiemales</span> <span class='ocrx_word' id='word_1_192' title='bbox 380 3022 412 3081; x_wconf 88' lang='grc'>00</span> <span class='ocrx_word' id='word_1_193' title='bbox 435 3018 585 3082; x_wconf 87' lang='lat' dir='ltr'>estivales</span> <span class='ocrx_word' id='word_1_194' title='bbox 608 3021 729 3081; x_wconf 87' lang='lat' dir='ltr'>metere</span> <span class='ocrx_word' id='word_1_195' title='bbox 752 3022 785 3082; x_wconf 91' lang='lat' dir='ltr'>et</span> <span class='ocrx_word' id='word_1_196' title='bbox 809 3017 850 3081; x_wconf 90' lang='grc'>00</span> <span class='ocrx_word' id='word_1_197' title='bbox 885 3034 1009 3082; x_wconf 89' lang='lat' dir='ltr'>orreum</span> <span class='ocrx_word' id='word_1_198' title='bbox 1033 3018 1200 3099; x_wconf 85' lang='lat' dir='ltr'>deducere,</span> <span class='ocrx_word' id='word_1_199' title='bbox 1235 3023 1271 3083; x_wconf 86' lang='lat' dir='ltr'>et</span> <span class='ocrx_word' id='word_1_200' title='bbox 1293 3019 1396 3083; x_wconf 88' lang='lat' dir='ltr'>eciam</span> 
     </span>
     <span class='ocr_line' id='line_1_28' title="bbox 201 3119 1396 3202; baseline 0.003 -21"><span class='ocrx_word' id='word_1_201' title='bbox 201 3119 321 3182; x_wconf 88' lang='lat' dir='ltr'>curiam</span> <span class='ocrx_word' id='word_1_202' title='bbox 354 3119 480 3186; x_wconf 89' lang='lat' dir='ltr'>abbatis</span> <span class='ocrx_word' id='word_1_203' title='bbox 514 3122 630 3202; x_wconf 89' lang='lat' dir='ltr'>sepire</span> <span class='ocrx_word' id='word_1_204' title='bbox 666 3139 775 3202; x_wconf 87' lang='lat' dir='ltr'>sepem</span> <span class='ocrx_word' id='word_1_205' title='bbox 810 3120 981 3186; x_wconf 87' lang='lat' dir='ltr'>emendare</span> <span class='ocrx_word' id='word_1_206' title='bbox 1015 3126 1072 3186; x_wconf 87' lang='lat' dir='ltr'>aut</span> <span class='ocrx_word' id='word_1_207' title='bbox 1094 3122 1133 3186; x_wconf 93' lang='lat' dir='ltr'>de</span> <span class='ocrx_word' id='word_1_208' title='bbox 1165 3140 1248 3188; x_wconf 84' lang='lat' dir='ltr'>noro</span> <span class='ocrx_word' id='word_1_209' title='bbox 1280 3119 1396 3200; x_wconf 86' lang='lat' dir='ltr'>faeere,</span> 
     </span>
     <span class='ocr_line' id='line_1_29' title="bbox 203 3222 640 3388; baseline 0.016 -105"><span class='ocrx_word' id='word_1_210' title='bbox 203 3222 364 3388; x_wconf 71' lang='lat' dir='ltr'>quandlo</span> <span class='ocrx_word' id='word_1_211' title='bbox 355 3224 435 3303; x_wconf 85' lang='lat' dir='ltr'>ipsis</span> <span class='ocrx_word' id='word_1_212' title='bbox 459 3227 591 3291; x_wconf 89' lang='lat' dir='ltr'>mandat</span> <span class='ocrx_word' id='word_1_213' title='bbox 577 3231 640 3290; x_wconf 89' lang='lat' dir='ltr'>t.ur</span> 
     </span>
     <span class='ocr_line' id='line_1_30' title="bbox 301 3326 1395 3445; baseline 0.007 -55.213"><span class='ocrx_word' id='word_1_214' title='bbox 301 3327 384 3390; x_wconf 92' lang='lat' dir='ltr'>Item</span> <span class='ocrx_word' id='word_1_215' title='bbox 405 3328 560 3408; x_wconf 88' lang='lat' dir='ltr'>plebanus</span> <span class='ocrx_word' id='word_1_216' title='bbox 583 3329 702 3394; x_wconf 91' lang='lat' dir='ltr'>ibidem</span> <span class='ocrx_word' id='word_1_217' title='bbox 724 3327 906 3412; x_wconf 53' lang='grc' dir='ltr'>001ιο01021</span> <span class='ocrx_word' id='word_1_218' title='bbox 924 3329 1052 3394; x_wconf 88' lang='lat' dir='ltr'>laneum</span> <span class='ocrx_word' id='word_1_219' title='bbox 1069 3329 1131 3394; x_wconf 92' lang='lat' dir='ltr'>sibi</span> <span class='ocrx_word' id='word_1_220' title='bbox 1147 3326 1395 3445; x_wconf 82' lang='lat' dir='ltr'>deservientem</span> 
     </span>
     <span class='ocr_line' id='line_1_31' title="bbox 203 3428 761 3498; baseline 0.013 -7"><span class='ocrx_word' id='word_1_221' title='bbox 203 3428 260 3492; x_wconf 87' lang='lat' dir='ltr'>sed</span> <span class='ocrx_word' id='word_1_222' title='bbox 284 3429 394 3495; x_wconf 88' lang='lat' dir='ltr'>abbati</span> <span class='ocrx_word' id='word_1_223' title='bbox 368 3432 549 3498; x_wconf 89' lang='lat' dir='ltr'>tbernam</span> <span class='ocrx_word' id='word_1_224' title='bbox 575 3435 761 3498; x_wconf 89' lang='lat' dir='ltr'>solventem.</span> 
     </span>
     <span class='ocr_line' id='line_1_32' title="bbox 302 3531 1395 3619; baseline 0.008 -23"><span class='ocrx_word' id='word_1_225' title='bbox 302 3531 383 3597; x_wconf 88' lang='lat' dir='ltr'>Item</span> <span class='ocrx_word' id='word_1_226' title='bbox 408 3536 543 3616; x_wconf 86' lang='lat' dir='ltr'>quilibet</span> <span class='ocrx_word' id='word_1_227' title='bbox 529 3536 676 3603; x_wconf 89' lang='lat' dir='ltr'>tianeus</span> <span class='ocrx_word' id='word_1_228' title='bbox 703 3542 832 3603; x_wconf 86' lang='lat' dir='ltr'>tenetur</span> <span class='ocrx_word' id='word_1_229' title='bbox 859 3538 1005 3604; x_wconf 84' lang='lat' dir='ltr'>laborare</span> <span class='ocrx_word' id='word_1_230' title='bbox 1029 3558 1100 3602; x_wconf 86' lang='lat' dir='ltr'>oum</span> <span class='ocrx_word' id='word_1_231' title='bbox 1117 3554 1211 3602; x_wconf 84' lang='lat' dir='ltr'>curru</span> <span class='ocrx_word' id='word_1_232' title='bbox 1227 3537 1395 3619; x_wconf 73' lang='grc'><strong>0010000,</strong></span> 
     </span>
     <span class='ocr_line' id='line_1_33' title="bbox 202 3635 854 3723; baseline 0.009 -23"><span class='ocrx_word' id='word_1_233' title='bbox 202 3635 353 3718; x_wconf 88' lang='lat' dir='ltr'>quidquit</span> <span class='ocrx_word' id='word_1_234' title='bbox 375 3640 553 3721; x_wconf 85' lang='lat' dir='ltr'>mandatur,</span> <span class='ocrx_word' id='word_1_235' title='bbox 577 3647 634 3705; x_wconf 88' lang='lat' dir='ltr'>aut</span> <span class='ocrx_word' id='word_1_236' title='bbox 656 3645 676 3706; x_wconf 89' lang='grc'>6</span> <span class='ocrx_word' id='word_1_237' title='bbox 699 3662 744 3723; x_wconf 89' lang='lat' dir='ltr'>gr.</span> <span class='ocrx_word' id='word_1_238' title='bbox 768 3641 854 3706; x_wconf 88' lang='lat' dir='ltr'>dare.</span> 
     </span>
     <span class='ocr_line' id='line_1_34' title="bbox 304 3742 1031 3825; baseline 0.01 -20"><span class='ocrx_word' id='word_1_239' title='bbox 304 3742 385 3808; x_wconf 90' lang='lat' dir='ltr'>Item</span> <span class='ocrx_word' id='word_1_240' title='bbox 409 3743 546 3809; x_wconf 86' lang='lat' dir='ltr'>eeclesia</span> <span class='ocrx_word' id='word_1_241' title='bbox 568 3745 764 3825; x_wconf 86' lang='lat' dir='ltr'>paroehialis</span> <span class='ocrx_word' id='word_1_242' title='bbox 789 3750 821 3810; x_wconf 92' lang='lat' dir='ltr'>et</span> <span class='ocrx_word' id='word_1_243' title='bbox 844 3748 907 3811; x_wconf 94' lang='lat' dir='ltr'>duo</span> <span class='ocrx_word' id='word_1_244' title='bbox 930 3747 1031 3812; x_wconf 91' lang='lat' dir='ltr'>radla.</span> 
     </span>
     <span class='ocr_line' id='line_1_35' title="bbox 304 3846 1395 3935; baseline 0.006 -25"><span class='ocrx_word' id='word_1_245' title='bbox 304 3846 347 3911; x_wconf 87' lang='lat' dir='ltr'>Et</span> <span class='ocrx_word' id='word_1_246' title='bbox 369 3847 526 3928; x_wconf 89' lang='lat' dir='ltr'>plebanus</span> <span class='ocrx_word' id='word_1_247' title='bbox 557 3849 653 3914; x_wconf 87' lang='lat' dir='ltr'>solvit</span> <span class='ocrx_word' id='word_1_248' title='bbox 676 3847 808 3931; x_wconf 85' lang='lat' dir='ltr'>Georgii</span> <span class='ocrx_word' id='word_1_249' title='bbox 839 3853 855 3913; x_wconf 91' lang='grc'>1</span> <span class='ocrx_word' id='word_1_250' title='bbox 888 3869 1006 3932; x_wconf 81' lang='lat' dir='ltr'>sesag,</span> <span class='ocrx_word' id='word_1_251' title='bbox 1043 3850 1129 3916; x_wconf 89' lang='lat' dir='ltr'>Galli</span> <span class='ocrx_word' id='word_1_252' title='bbox 1162 3852 1178 3914; x_wconf 88' lang='lat'>1</span> <span class='ocrx_word' id='word_1_253' title='bbox 1205 3868 1313 3935; x_wconf 78' lang='lat' dir='ltr'>sesag.</span> <span class='ocrx_word' id='word_1_254' title='bbox 1338 3870 1395 3934; x_wconf 91' lang='lat' dir='ltr'>pro</span> 
     </span>
     <span class='ocr_line' id='line_1_36' title="bbox 204 3936 1334 4029; baseline -0.001 -15"><span class='ocrx_word' id='word_1_255' title='bbox 204 3948 345 4029; x_wconf 83' lang='lat' dir='ltr'>pitancia</span> <span class='ocrx_word' id='word_1_256' title='bbox 368 3950 511 4018; x_wconf 86' lang='lat' dir='ltr'>fratrum.</span> <span class='ocrx_word' id='word_1_257' title='bbox 1301 3936 1304 3941; x_wconf 68' lang='grc'>’</span> <span class='ocrx_word' id='word_1_258' title='bbox 1331 4006 1334 4013; x_wconf 90' lang='grc'><em>,</em></span> 
     </span>
     <span class='ocr_line' id='line_1_37' title="bbox 305 4055 1397 4143; baseline 0.006 -24"><span class='ocrx_word' id='word_1_259' title='bbox 305 4055 437 4121; x_wconf 87' lang='lat' dir='ltr'>Summa</span> <span class='ocrx_word' id='word_1_260' title='bbox 459 4076 574 4125; x_wconf 84' lang='lat' dir='ltr'>census</span> <span class='ocrx_word' id='word_1_261' title='bbox 606 4074 664 4140; x_wconf 87' lang='lat' dir='ltr'>pro</span> <span class='ocrx_word' id='word_1_262' title='bbox 697 4060 835 4124; x_wconf 83' lang='lat' dir='ltr'>termino</span> <span class='ocrx_word' id='word_1_263' title='bbox 866 4079 890 4124; x_wconf 88' lang='lat' dir='ltr'>s.</span> <span class='ocrx_word' id='word_1_264' title='bbox 927 4059 1058 4142; x_wconf 88' lang='lat' dir='ltr'>Georgii</span> <span class='ocrx_word' id='word_1_265' title='bbox 1092 4060 1243 4141; x_wconf 72' lang='lat' dir='ltr'>basnag.</span> <span class='ocrx_word' id='word_1_266' title='bbox 1276 4064 1310 4125; x_wconf 90' lang='lat' dir='ltr'>et</span> <span class='ocrx_word' id='word_1_267' title='bbox 1340 4078 1397 4143; x_wconf 91' lang='lat' dir='ltr'>pro</span> 
     </span>
     <span class='ocr_line' id='line_1_38' title="bbox 204 4159 676 4244; baseline 0.019 -27"><span class='ocrx_word' id='word_1_268' title='bbox 204 4159 340 4224; x_wconf 89' lang='lat' dir='ltr'>termino</span> <span class='ocrx_word' id='word_1_269' title='bbox 365 4180 388 4226; x_wconf 90' lang='lat' dir='ltr'>s.</span> <span class='ocrx_word' id='word_1_270' title='bbox 415 4160 502 4227; x_wconf 89' lang='lat' dir='ltr'>Galli</span> <span class='ocrx_word' id='word_1_271' title='bbox 525 4163 544 4225; x_wconf 88' lang='lat'><strong>9</strong></span> <span class='ocrx_word' id='word_1_272' title='bbox 569 4181 676 4244; x_wconf 79' lang='lat' dir='ltr'>sesag.</span> 
     </span>
     <span class='ocr_line' id='line_1_39' title="bbox 307 4261 934 4347; baseline 0.006 -21"><span class='ocrx_word' id='word_1_273' title='bbox 307 4261 438 4330; x_wconf 86' lang='lat' dir='ltr'>Summa</span> <span class='ocrx_word' id='word_1_274' title='bbox 460 4266 679 4347; x_wconf 84' lang='lat' dir='ltr'>expensalium</span> <span class='ocrx_word' id='word_1_275' title='bbox 703 4264 779 4347; x_wconf 88' lang='lat' dir='ltr'>[sio]</span> <span class='ocrx_word' id='word_1_276' title='bbox 805 4266 866 4331; x_wconf 91' lang='grc'>108</span> <span class='ocrx_word' id='word_1_277' title='bbox 889 4284 934 4347; x_wconf 85' lang='lat' dir='ltr'>gr.</span> 
     </span>
    </p>
   </div>
   <div class='ocr_carea' id='block_1_3' title="bbox 206 4404 410 4422">
    <p class='ocr_par' dir='ltr' id='par_1_3' title="bbox 206 4404 410 4422">
     <span class='ocr_line' id='line_1_40' title="bbox 206 4404 410 4422; baseline 0.01 -7"><span class='ocrx_word' id='word_1_278' title='bbox 206 4404 410 4422; x_wconf 41' lang='lat' dir='ltr'>*Qun—.-</span> 
     </span>
    </p>
   </div>
   <div class='ocr_carea' id='block_1_4' title="bbox 259 4483 524 4551">
    <p class='ocr_par' dir='ltr' id='par_1_4' title="bbox 259 4483 524 4551">
     <span class='ocr_line' id='line_1_41' title="bbox 259 4483 524 4551; baseline 0.015 -14"><span class='ocrx_word' id='word_1_279' title='bbox 259 4483 279 4551; x_wconf 89' lang='lat'>¹)</span> <span class='ocrx_word' id='word_1_280' title='bbox 308 4489 341 4537; x_wconf 82' lang='lat'>96</span> <span class='ocrx_word' id='word_1_281' title='bbox 359 4485 394 4538; x_wconf 92' lang='lat' dir='ltr'>in</span> <span class='ocrx_word' id='word_1_282' title='bbox 412 4487 480 4541; x_wconf 88' lang='lat' dir='ltr'>eod.</span> <span class='ocrx_word' id='word_1_283' title='bbox 500 4494 524 4541; x_wconf 76' lang='grc'>2.</span> 
     </span>
    </p>
   </div>
   <div class='ocr_carea' id='block_1_5' title="bbox 0 0 1466 4890">
    <p class='ocr_par' dir='ltr' id='par_1_5' title="bbox 0 0 1466 4890">
     <span class='ocr_line' id='line_1_42' title="bbox 0 0 1466 4890; baseline 0 0"><span class='ocrx_word' id='word_1_284' title='bbox 0 0 1466 4890; x_wconf 95' lang='lat' dir='ltr'> </span> 
     </span>
    </p>
   </div>
  </div>
 </body>
</html>
