2894 4890
198 205 239 272 16

197 413 253 481 Itt
270 413 364 495 scius,
381 415 475 497 -quia
495 417 618 487 ibidem
640 415 674 483 in
697 413 826 497 Jarplez
858 415 936 480 sunt
961 398 1391 495 esnenaditatasgffqffl
1420 416 1430 421 “

198 518 342 601 quelibet
363 521 460 589 solvit
482 524 500 587 ‘l
524 524 669 590 fertones
691 523 778 587 leves
800 517 976 585 annuatim.
1014 516 1076 585 Est
1096 506 1145 583 ibi
1158 508 1393 585 eciam-ninid

197 623 424 713 molendinum,
444 629 529 709 quod
550 627 647 695 solvit
664 631 731 692 tres
750 624 893 691 fertones
906 624 994 690 leves
1009 627 1043 689 et
1060 623 1075 687 1
1094 638 1195 705 gross.
1212 618 1390 687 annudiini‘.

197 727 260 793 Est
288 727 390 794 eciam
421 730 467 797 ibi
496 748 582 796 unus
603 731 710 808 homo,
742 731 798 812 qui
819 728 919 795 habet
941 729 984 792 10
1004 727 1118 809 iugera
1138 726 1180 792 de
1201 723 1393 804 hereditate,

198 833 238 897 de
257 832 373 914 quibus
392 835 489 900 solvit
506 835 547 900 13
561 855 608 918 gr.
626 835 800 901 annuatim.
824 831 884 900 list
898 830 945 899 ibi
960 832 1062 898 eciam
1076 846 1142 897 una
1155 829 1242 898 bona
1256 829 1392 913 piscina.
1431 838 1436 842 “

302 935 431 1002 Summa
461 957 576 1005 census
608 938 782 1006 denarialis
811 938 846 1004 in
868 935 996 1019 Jarpicz
1027 938 1104 1003 sunt
1126 933 1168 1001 15
1189 938 1298 1000 maroe
1320 928 1393 1000 euin

198 1039 332 1107 dimidia
354 1043 521 1109 censuales
544 1046 577 1108 et
602 1043 642 1110 12
664 1059 710 1122 gr.
1229 1054 1232 1059 “

96 1172 189 1225 aare.
303 1143 431 1211 Summa
465 1164 580 1213 census
613 1146 788 1213 denarialis
817 1144 959 1212 omnium
988 1145 1145 1212 bonorum
1173 1142 1393 1227 predictarum
1434 1153 1437 1158 ·

197 1253 274 1315 sunt
296 1247 360 1314 323
382 1268 490 1315 marce
508 1252 674 1316 censuales
689 1255 723 1316 et
738 1247 799 1335 ib,
816 1251 899 1315 ferto
917 1254 1030 1333 preter
1043 1247 1169 1314 minuta
1183 1251 1219 1313 et
1234 1250 1394 1329 araturas,

197 1353 307 1434 silvas,
330 1357 434 1435 prata,
458 1357 557 1435 ortos,
582 1355 692 1420 vineas
717 1358 750 1420 et
772 1354 853 1421 alias
875 1355 1043 1420 utilitates.

301 1454 347 1521 Et
366 1461 454 1538 note,
488 1458 574 1539 quod
595 1460 742 1525 venerab.
765 1459 799 1524 in
823 1455 951 1525 Christo
978 1460 1072 1540 pater
1093 1460 1127 1522 et
1147 1456 1307 1536 dominus,
1337 1454 1394 1520 do-

198 1559 304 1626 minus
326 1560 490 1628 Johannes
512 1560 612 1643 111102,
647 1560 733 1629 filius
755 1563 879 1628 domini
902 1562 1052 1644 Gregorii
1075 1563 1115 1628 de
1137 1560 1283 1640 Drazicn,
1316 1559 1393 1625 Pra·

199 1663 307 1745 gensis
329 1665 498 1747 episcopus
520 1665 679 1748 XXVllffl,
714 1668 932 1749 suprascripta
953 1666 1039 1732 bona
1060 1666 1095 1731 in
1115 1666 1261 1747 presenti
1280 1662 1393 1730 libello

199 1771 351 1834 contenta
371 1774 405 1835 et
425 1775 547 1852 notata,
578 1789 713 1853 quorum
737 1773 874 1853 quedam
896 1770 1026 1837 fuerunt
1048 1788 1108 1836 sua
1141 1767 1393 1852 patrimonialia,

198 1874 335 1953 quedam
357 1892 494 1954 persone
517 1893 574 1940 sue
596 1876 717 1942 intuitu
746 1875 915 1957 acquisita,
946 1874 1084 1939 contulit
1105 1878 1139 1938 et
1161 1873 1297 1938 donauit
1326 1860 1393 1937 mo-

198 1976 340 2042 nasterio
363 1975 565 2043 fundationis
589 1996 646 2042 sue
668 1976 700 2042 S.
724 1977 826 2042 Mario
848 1977 883 2041 in
905 1976 1057 2059 Rudnicz,
1088 1979 1128 2042 de
1151 1977 1268 2058 quibus
1298 1976 1393 2042 bonis

197 2079 303 2161 ipsum
333 2081 564 2146 monasterium
593 2080 741 2166 fundavit
763 2085 796 2146 et
818 2081 996 2148 canonicos·
1016 2082 1184 2163 regulares
1200 2072 1338 2147 'ordinis
1359 2080 1392 2146 S.

197 2182 381 2264 Augustini,
405 2184 461 2265 qui
481 2183 572 2264 prius
593 2184 629 2248 in
651 2202 710 2250 sua
732 2184 862 2267 dyocesi
884 2203 948 2250 non
970 2184 1106 2262 fuerant,
1130 2185 1172 2249 ad
1191 2183 1322 2249 laudern
1339 2183 1394 2250 dei

199 2289 232 2352 et
250 2287 321 2353 eius
338 2287 507 2369 genitricis
525 2286 659 2369 virginis
677 2286 781 2354 Mario
800 2288 942 2355 instituit
960 2289 994 2354 in
1013 2282 1134 2355 eodem.
1173 2287 1242 2367 Quo
1262 2286 1393 2370 quidem

198 2391 284 2457 bona
304 2408 363 2472 pen
383 2390 489 2472 ipsum
507 2390 671 2458 dominum
690 2392 874 2474 episcopum
894 2396 969 2458 sunt
988 2396 1148 2458 summata
1165 2408 1250 2458 enno
1269 2390 1394 2457 domini

198 2495 369 2562 millesimo
400 2492 553 2560 CCCXL⁰
581 2496 684 2580 primo
713 2495 796 2562 ieria
826 2496 968 2563 secunda
995 2497 1142 2578 proxima
1170 2488 1246 2579 post
1272 2493 1393 2561 lectum

105 2634 107 2639 .
199 2599 287 2667 beati
308 2598 376 2666 Viti
398 2600 554 2684 martiris,
1212 2647 1214 2650 -
1254 2593 1285 2645 ··¹

302 2787 432 2874 Erapct'o
455 2788 605 2855 bonoram
623 2792 658 2855 ia
676 2790 807 2877 Dolpcu
819 2791 919 2877 sacta
937 2813 960 2855 a
977 2789 1168 2861 Jeskoaede
1185 2736 1392 2876 Bdalmcuycnt

210 2966 213 2971 .
301 2911 394 2979 Anno
417 2913 538 2981 domini
560 2911 781 2980 M⁰ccc⁰xu⁰
802 2916 908 2997 primo
928 2913 1012 2980 feria
1034 2914 1138 2982 tercia
1157 2915 1194 2980 in
1217 2913 1283 2980 die·
1299 2913 1391 2980 beati

199 3015 348 3100 Dyonisii
368 3017 525 3084 discretum
548 3017 597 3083 vir
618 3018 713 3086 Jcsco
735 3018 776 3084 de
798 3019 974 3102 Blahotycn
995 3021 1035 3084 de
1058 3037 1209 3101 expresso
1231 3009 1393 3085 consensu

198 3120 334 3197 iratum
362 3122 737 3188 suorumi·'hereditetem
767 3141 868 3202 sunm,
897 3140 994 3204 quam
1025 3116 1140 3188 babuit
1160 3123 1195 3188 in
1216 3114 1296 3185 uilla
1315 3121 1393 3185 lio·-

199 3227 312 3308 lyna,
335 3213 578 3292 cum-omnibus
600 3227 735 3308 iuribus,
758 3226 965 3307 utilitatibus,
987 3222 1160 3305 fructibus·
1178 3218 1393 3290 'libertatibus

201 3333 234 3394 et
254 3328 463 3410 pertinenciis
487 3331 567 3410 eius,
591 3349 671 3411 quas
693 3330 748 3395 ibi¹
762 3331 885 3411 habuit,
909 3328 1055 3395 vendidit
1077 3327 1258 3398 honorabili
1280 3346 1320 3393 eo
1340 3344 1393 3393 re-

201 3432 319 3514 ligioso
342 3432 410 3497 viro
432 3431 610 3498 fratriVito
633 3434 798 3515 preposito
821 3435 946 3517 totique
970 3433 1140 3499 conventui
1163 3432 1392 3527 canonicorum

199 3528 394 3620 regularium
416 3526 604 3602 monasterii
626 3538 657 3604 S.
678 3535 781 3602 Mario
799 3539 839 3603 de
855 3537 1000 3603 lludnicz
1018 3554 1075 3618 pro
1093 3536 1136 3600 -32
1148 3538 1265 3617 -seitag-
1276 3534 1391 3616 ¹grass,

200 3641 309 3707 denar.
339 3657 439 3722 prag,
474 3659 570 3723 quam
598 3641 767 3722 pecuniam
795 3642 881 3707 idem
910 3641 1033 3721 recepit
1061 3638 1279 3722 integraliter‘
1293 3643 1328 3704 et
1344 3639 1393 3704 in

97 3748 313 3824 sanitatum,
336 3744 428 3811 cuius
450 3744 654 3811 fideiussores
677 3750 753 3811 sunt
774 3744 939 3810 lohannes
957 3750 996 3810 et
1016 3744 1178 3810 ltzehnico
1201 3742 1319 3808 nares
1350 3744 1392 3809 de

200 3849 413 3927 Racziuawes,
448 3848 503 3928 qui
524 3849 608 3915 hanc
629 3849 844 3915 hereditatem
866 3853 900 3914 et
920 3848 1144 3914 vendicionem
1164 3848 1294 3912 domino
1316 3864 1393 3928 pre-

200 3952 307 4033 posito
330 3957 364 4022 et
385 3952 580 4021 monasterio
600 3952 630 4019 S.
650 3951 752 4020 Mario
774 3954 810 4019 in
828 3951 972 4018 liudnicz
991 3952 1111 4018 factam
1133 3938 1251 4018 debent
1271 3950 1393 4016 disbri·

200 4074 277 4141 gare
308 4075 333 4125 a,
357 4055 514 4137 quolibet.
529 4055 658 4125 homine
686 4057 767 4123 iure,
787 4062 881 4137 ierne.
926 4056 976 4120 De
1007 4074 1070 4138 qua
1099 4055 1280 4121 hereditate
1314 4062 1396 4122 sunt

201 4160 223 4225 3
240 4162 497 4242 comannorum
515 4178 580 4230 unc
598 4161 694 4228 solvit
714 4163 731 4227 l
752 4179 858 4242 sesag.
876 4178 921 4241 gr.
943 4160 1109 4226 annuatim
1128 4164 1163 4224 st
1179 4177 1239 4240 pro
1261 4161 1392 4241 agnello

200 4264 224 4331 4
252 4268 442 4345 grossmet
464 4266 507 4331 20
527 4265 660 4348 coperia
687 4265 790 4345 metit,
821 4264 841 4329 8
862 4265 968 4346 pullos
991 4268 1024 4330 et
1044 4265 1087 4329 40
1104 4283 1170 4331 >oua
1193 4269 1229 4329 et
1250 4261 1289 4350 lp,
1315 4266 1395 4331 stri.

202 4367 484 4449 chonomorem,
515 4371 656 4436 secunda
684 4373 771 4435 terra
786 4369 897 4436 solvit
917 4370 938 4434 3
960 4367 1102 4435 fertones
1131 4386 1245 4450 graues
1274 4373 1309 4435 st
1331 4387 1392 4451 pru

201 4473 326 4556 agnello
350 4475 369 4540 2
392 4491 521 4554 grossos
545 4477 577 4539 et
598 4474 619 4537 6
642 4473 748 4555 pullos
778 4476 812 4540 et
837 4475 882 4541 30
911 4493 972 4540 ova
1001 4477 1034 4540 et
1066 4474 1106 4538 ib
1133 4472 1267 4554 capacia
1281 4474 1394 4540 metit
