2894 4890
133 235 197 300 276

132 441 222 507 ordei
244 441 486 508 Slauatinensis
508 459 666 522 mensure,
690 444 725 505 et
744 440 865 505 debent
886 455 1043 519 reponere
1064 437 1102 502 in
1124 435 1228 503 Pntclr
1251 442 1328 518 aput

131 550 372 626 procuratorem
394 545 584 612 monasterii
614 544 649 610 in
680 544 770 610 curia
800 543 886 608 circa
908 543 1025 608 fectum
1048 542 1080 608 S.
1104 540 1204 607 Galli
1247 543 1329 609 Item

127 652 239 735 judex,
273 653 330 734 qni
362 651 524 732 predictos
559 650 705 714 homines
736 649 810 731 jnre
850 645 996 728 predicto
1029 649 1130 726 tenet,
1163 647 1263 713 debet
1295 651 1329 712 ct

131 760 261 821 tenetur
282 755 407 822 solvere
428 757 469 820 de
491 753 675 836 precipiciis
697 752 859 818 monrium
878 748 937 834 1¹1,
960 766 1066 832 sexag.
1089 767 1164 815 cnm
1180 753 1273 833 dgr·
1285 751 1328 816 Et

132 860 180 925 sic
201 859 338 942 singulis
360 861 455 925 annis
477 860 512 924 in
534 877 659 923 summa
688 857 774 922 idem
803 856 904 938 judex
925 857 1050 921 solvere
1070 853 1172 920 dehet
1194 854 1235 919 de
1255 872 1327 936 pre·

133 963 232 1029 dictis
253 963 356 1029 laneis
378 964 421 1028 20
436 981 542 1044 serug.
565 981 611 1043 gr.
635 979 783 1043 progcns,
806 959 916 1024 minus
941 961 980 1024 16
1001 977 1047 1040 gr.
1070 958 1214 1038 divisim,
1243 954 1278 1042 ¹l,
1293 958 1328 1023 in

133 1065 215 1133 festo
239 1065 271 1131 S.
295 1066 383 1132 Galli
405 1071 439 1129 et
464 1063 500 1148 ¹s,
525 1064 664 1129 infesto
688 1063 720 1127 S.
742 1062 893 1145 Georgii}
914 1062 1111 1127 tulmentum
1134 1078 1212 1126 vero
1232 1062 1328 1127 debet

7 1164 9 1169 ’
132 1171 258 1236 solvere
273 1169 447 1236 secundnm
463 1173 606 1234 tenorem
621 1167 784 1248 privilegii
802 1184 899 1248 super
913 1165 986 1246 ipsa
1000 1165 1167 1232 locucione
1182 1165 1326 1233 confecti.

235 1271 519 1351 Privileginm
541 1288 712 1335 reverse
741 1288 868 1352 snper
898 1269 1055 1335 Pernen
1077 1261 1328 1337 continetur

134 1375 175 1439 in
197 1375 272 1440 hec
295 1374 421 1439 verba
442 1377 483 1438 et
505 1373 713 1454 seqnitur.

237 1477 427 1542 innomine
450 1476 581 1542 domini.
612 1477 722 1542 Arnen.
767 1478 954 1559 Jnrgiornm
977 1481 1082 1541 mater
1102 1475 1227 1542 obliuio
1248 1476 1330 1542 solat

132 1580 251 1645 futuris
265 1580 400 1660 prebere
415 1580 566 1663 litigandi
578 1581 757 1661 materiam,
780 1581 845 1646 nisi
859 1579 945 1646 facta
958 1581 1125 1645 hominum
1142 1579 1329 1645 litterarum

133 1682 319 1749 testimonio
342 1683 541 1750 detineantur
557 1685 597 1748 ad
620 1684 808 1750 memoriam
822 1688 1034 1765 posterorum
1056 1684 1218 1749 Noverint
1231 1684 1330 1765 igitur

133 1786 277 1853 universi
307 1791 489 1870 presentem
522 1791 672 1871 paginam
702 1789 892 1869 inspecturi,
922 1788 1009 1868 quod
1038 1805 1099 1869 ego
1130 1786 1329 1852 Theodricns

15 1957 20 1964 ,
133 1891 174 1957 de
195 1891 316 1958 Perncz
338 1911 358 1956 a
379 1893 558 1958 venerabili
579 1893 707 1957 domino
731 1892 887 1973 Gerardo,
910 1892 1028 1958 abbate
1049 1890 1187 1956 ecclesio
1208 1889 1330 1955 Montis

134 1994 230 2077 Syon,
252 2013 315 2075 que
337 2000 371 2059 et
393 1994 536 2062 Strahou
568 1997 696 2077 dicitnr,
730 2015 768 2061 ac
798 2017 819 2061 a
847 2000 1006 2067 conventu
1036 1995 1188 2067 eiusdem·
1205 1997 1330 2076 partem

134 2098 289 2164 bonorum
318 2100 462 2178 ipsorum
483 2101 518 2165 in
540 2101 617 2165 villa
639 2101 759 2166 Perucu
790 2101 937 2181 sitorum,
967 2098 1120 2165 videlicet
1143 2098 1182 2162 17
1206 2101 1329 2177 laneos

135 2200 312 2281 quemlibet
332 2201 458 2268 laneum
483 2205 526 2269 60
544 2205 661 2286 jugera
682 2191 909 2284 continentem,
940 2203 1108 2285 quodlibet
1137 2222 1215 2268 vero
1234 2203 1330 2286 J'uger

137 2307 153 2369 l
178 2304 372 2373 strichonem
395 2325 547 2373 mensure
567 2308 673 2388 Prug„
696 2309 876 2388 capientem
900 2307 985 2392 [sic],
1020 2305 1238 2373 theutunicali
1255 2305 1331 2393 jare

135 2408 198 2477 cmi
218 2409 318 2475 michi
340 2414 375 2477 ct
396 2411 477 2477 meis
499 2410 682 2486 heredibus,
713 2413 794 2477 dans
816 2412 948 2477 inantea
970 2410 1100 2476 domino
1124 2408 1238 2475 abbati
1259 2424 1331 2491 pre

135 2513 222 2581 dicto
244 2532 303 2594 pro
325 2532 400 2580 arra
422 2532 481 2594 pro
515 2515 660 2595 quolibet
693 2516 787 2581 laneo
820 2516 1052 2596 premissorum
1086 2514 1128 2579 10
1147 2530 1330 2594 seraa-gr.

134 2634 282 2698 pragens.
313 2616 373 2682 snb
403 2615 523 2682 talibus
553 2616 796 2683 condicionibus
818 2617 1045 2700 infrascriptis,
1069 2615 1223 2683 uidelicet
1243 2616 1332 2696 quod

135 2737 195 2800 ego
217 2719 415 2786 Theodricns
437 2724 471 2784 et
491 2705 556 2784 mei
578 2720 715 2787 heredes
743 2721 878 2802 siugulis
902 2721 996 2788 annis
1017 2720 1052 2787 in
1074 2723 1268 2802 perpetuum
1289 2720 1331 2786 de

135 2821 280 2903 quolibet
312 2824 405 2889 laneo
428 2841 525 2889 unam
558 2843 699 2891 marcam
729 2827 922 2907 censualem,
957 2827 1000 2891 64
1020 2844 1067 2906 gr.
1099 2841 1247 2906 pregens.
1271 2842 1330 2905 pro

135 2925 280 3007 qnalibet
301 2944 411 2991 marca
431 2927 635 3009 computatis,
669 2933 704 2993 et
735 2931 757 2995 6
778 2929 958 2995 stricbones
988 2927 1155 3007 frumenti,
1178 2925 1331 2995 uidelicet

135 3029 216 3117 dnos
230 3028 351 3110 tritici,
383 3030 466 3095 dnos
499 3030 638 3111 siliginis
671 3036 705 3098 et
734 3033 754 3097 2
785 3033 875 3099 ordei
908 3030 1152 3099 Slawatinenris
1169 3041 1330 3097 mensure

134 3133 280 3216 predicto
314 3132 509 3199 monasterio
550 3135 680 3201 nornine
718 3154 835 3201 census
866 3137 1051 3216 persolvere
1075 3133 1260 3205 :debeamus
1277 3135 1328 3199 -in

135 3256 260 3304 omnem
282 3241 443 3319 eventurn,
466 3237 619 3307 videlicet
640 3239 675 3305 in
695 3239 778 3305 festo
802 3240 833 3305 S.
851 3238 983 3320 Georgii
998 3238 1329 3311 dnnidianrrpancam

135 3341 320 3407 censualem
343 3340 432 3405 etin
464 3339 548 3407 festo
579 3339 610 3407 S.
635 3341 722 3408 Galli
751 3341 959 3423 subsequenti
988 3341 1155 3413 umidam
1180 3356 1331 3413 «marcam

134 3442 286 3509 similiter
300 3444 484 3509 censualem
501 3462 574 3509 cnm
592 3444 752 3513 frumento
767 3449 946 3526 prenotato,
969 3445 1016 3511 ita
1029 3447 1200 3512 cumanos
1216 3442 1333 3529 [quod]

134 3546 315 3628 predictum
328 3563 458 3615 censum
470 3547 673 3628 integraliter
683 3550 718 3614 in
733 3549 879 3630 quolibet
893 3548 1030 3615 termino
1041 3548 1187 3630 predicte
1200 3546 1332 3615 domino

134 3650 244 3718 abbati
266 3653 300 3715 et
322 3649 494 3715 conventui
508 3649 662 3730 predictis
684 3651 719 3716 in
734 3652 929 3719 monasterio
952 3651 1118 3734 assignare
1141 3651 1330 3731 debeamus,

133 3756 330 3821 frumentum
353 3772 428 3821 vero
452 3759 697 3837 supranotatum
727 3756 882 3838 magistro
912 3755 1001 3821 curie
1029 3753 1244 3837 inlustrius,
1275 3754 1333 3836 qui

133 3878 191 3941 pro
221 3863 367 3942 tempore
399 3857 507 3940 inerit,
541 3862 759 3941 pernostra
799 3858 960 3927 homines,
979 3857 1333 3940 assignare.÷;sirniliter

135 3968 311 4028 teneamur.
335 3962 385 4028 De
400 3965 516 4030 rubeto
540 3983 617 4030 vero
631 3963 761 4045 ibidem,
785 3963 870 4044 quod
892 3966 1028 4045 propter
1040 3960 1332 4045 precipicio-mon-

136 4064 220 4130 cinm
243 4067 345 4131 errari
368 4086 471 4148 neque
494 4067 557 4133 coli
580 4072 696 4150 potest,
727 4086 787 4149 ego
817 4085 854 4134 ac
886 4067 951 4132 mei
972 4066 1108 4135 heredes
1130 4067 1265 4139 oleam
1290 4064 1329 4152 ll,

133 4187 275 4237 marcam
297 4172 481 4237 censualem
510 4172 639 4247 domino
662 4171 773 4243 abbati
803 4169 993 4243 monasterii
1011 4169 1167 4252 predicti.
1180 4173 1239 4245 ant
1261 4171 1330 4238 suis

135 4276 385 4357 successoribus,
408 4278 464 4359 qni
478 4296 535 4358 pro
551 4282 694 4358 tempore
709 4275 840 4355 fuerint,
856 4277 982 4347 solvere
996 4273 1169 4347 debeamus
1184 4274 1333 4356 quelibet

136 4394 220 4449 anno
243 4380 454 4445 excusatione
470 4379 614 4461 qualibet
628 4397 693 4445 non
715 4378 874 4447 obstante.
897 4378 999 4451 Porro
1013 4379 1049 4445 :si
1070 4379 1331 4451 monetamedio

134 4480 279 4559 tempore
301 4480 400 4553 fuerit
421 4483 590 4561 inmutata,
603 4536 607 4543 .
620 4482 662 4547 de
684 4477 838 4559 quolibet.
856 4483 954 4561 laneo
969 4532 972 4541 .
988 4501 1048 4565 ego
1060 4481 1268 4561 ¹dheodricus
1291 4500 1331 4549 ee
