2894 4890
1194 98 1256 165 tte

157 316 437 401 Przyeezyea

155 420 247 488 Villa
270 422 463 505 Pmyeezyez
485 422 584 487 babet
608 422 784 497 10100000,
809 420 946 502 quilibet
968 420 1065 485 solvit
1088 420 1252 487 annuatim

126 544 169 609 gr.
193 527 279 593 Item
302 532 377 593 sunt
399 527 462 591 duo
487 528 646 605 subsides,
671 528 800 591 solvunt
822 526 988 589 annuet-im
1013 525 1151 607 quilibet
1172 526 1254 604 tgr.

132 648 196 711 que
218 630 329 695 omnia
350 633 479 698 solvunt
514 638 548 695 et
580 632 701 695 faciunt
734 634 827 711 prom
852 628 966 695 civitas
990 629 1132 709 exeeptis
1155 628 1257 693 subsi-

10 760 14 765 ·
82 732 167 818 libus,
190 736 249 817 qui
272 737 376 803 selum
401 754 530 801 censum
554 736 692 801 solvunt.

165 864 492 951 Ilroznowyeze.

160 968 253 1035 Villa
266 968 520 1056 Hroaozweyeze
535 969 607 1053 [sie]
628 972 725 1036 babet
745 970 782 1036 la
802 971 920 1047 laneus,
942 970 1076 1051 quilibet
1095 969 1257 1033 ,00101100-

59 1074 183 1139 nuatim
199 1076 244 1140 48
262 1092 320 1157 gn,
336 1075 376 1139 de
392 1074 507 1157 quibus
524 1076 666 1141 silvanus
681 1076 776 1139 babet
797 1073 834 1157 ¹3
851 1077 977 1140 laneam
999 1088 1056 1155 pre
1075 1072 1209 1137 servicio
1226 1077 1257 1137 et

63 1178 203 1245 ¹eustadit
225 1178 338 1243 silvas.
363 1176 445 1243 Item
465 1178 571 1257 bema,
596 1179 731 1259 quilibet
752 1179 864 1243 laneus
888 1178 983 1245 solvit
1006 1178 1047 1241 3⁶2
1071 1196 1127 1257 aaz,
1151 1176 1258 1240 delen·

73 1280 203 1347 annales
229 1284 310 1365 lgr.
335 1281 417 1347 Item
441 1280 576 1347 fumales
600 1282 639 1346 de
663 1282 806 1363 quolibet
830 1284 900 1349 1000
924 1284 1152 1364 ssn'yenenses.
1178 1280 1257 1345 Item

71 1383 198 1463 quilibet
212 1386 329 1453 laneus
345 1386 443 1453 solvit
459 1386 624 1451 ammatim
648 1386 729 1450 dam
752 1388 868 1468 pullos,
888 1388 927 1449 10
943 1404 1011 1449 ova.
1036 1386 1117 1449 Item
1135 1384 1257 1449 lebete.

70 1504 118 1569 pro
137 1507 248 1555 messe
272 1489 412 1571 quilibet
434 1492 547 1556 laneus
571 1490 667 1557 solvit
690 1490 854 1554 anstistite
879 1490 899 1551 2
923 1509 968 1565 m.
1004 1488 1084 1551 Item
1109 1490 1259 1552 tenent-m·

70 1593 230 1658 musam
254 1593 345 1675 ligne
367 1593 434 1659 sive
457 1593 575 1661 robora
597 1595 714 1659 ducere
748 1595 790 1657 ad
820 1599 948 1675 portium
979 1609 1037 1673 pm
1071 1590 1257 1655 00110110-

68 1696 160 1777 geusi
186 1697 272 1763 Item
288 1703 441 1763 tenentur
454 1698 542 1780 ligna
566 1719 623 1779 pne
641 1698 776 1763 edificiis
800 1698 840 1761 ad
864 1703 1004 1761 castrum
1027 1696 1154 1760 ducere.
1178 1696 1257 1761 Item

68 1803 215 1869 tenentur
237 1802 353 1868 venati
377 1803 418 1869 ad
439 1802 625 1868 mandatum
648 1802 821 1885 burgravii.

161 1930 385 1999 Hwezdna.
1283 1941 1363 1981 aas.

159 2036 255 2103 Villa
275 2035 441 2103 Hwozdne
461 2037 560 2102 habet
593 2038 758 2118 6100000,
792 2036 929 2116 quilibet
962 2036 1059 2103 solvit
1091 2036 1258 2104 annuatim

61 2142 99 2207 48
120 2158 183 2223 ga,
207 2140 250 2204 de
274 2139 393 2223 quibus
423 2141 678 2221 provisienarius
708 2141 808 2207 habet
838 2142 857 2201 3
889 2142 999 2207 laneos
1029 2160 1087 2223 pra
1123 2142 1259 2207 servicio

61 2250 91 2309 et
112 2244 228 2311 servit
254 2245 337 2309 Item
352 2244 462 2326 bema,
486 2245 623 2325 quilibet
643 2246 757 2311 leneus
773 2245 870 2311 solvit
885 2244 926 2309 32
941 2264 998 2327 gn,
1023 2245 1259 2311 delenei0nales

62 2352 76 2412 1
100 2368 146 2429 gr.
174 2346 260 2413 Item
284 2347 422 2414 fumales
445 2350 485 2414 de
501 2350 644 2431 quolibet
668 2349 739 2414 foee
763 2352 994 2433 6wyeuenses.
1018 2349 1099 2413 Item
1123 2349 1258 2429 quilibet

57 2453 171 2519 laneus
194 2451 297 2517 solvit
329 2453 495 2517 aunuatim
519 2454 599 2518 duos
627 2455 742 2534 pullos,
770 2453 810 2518 10
833 2472 902 2518 ove.
949 2454 1030 2517 Item
1053 2451 1176 2531 rebote,
1201 2471 1259 2533 pro

58 2575 164 2623 messe
188 2555 232 2622 de
256 2555 402 2637 quolibet
423 2558 518 2624 laneo
542 2557 670 2623 solvunt
693 2558 859 2622 annuatIm
883 2558 903 2623 2
927 2576 972 2639 gr.
1003 2557 1084 2622 item
1107 2560 1260 2622 tenentur

58 2660 179 2725 ducere
201 2660 320 2725 robora
350 2660 419 2726 sive
449 2660 515 2726 alia
547 2660 636 2742 ligna
670 2660 711 2725 ad
733 2664 860 2741 pontum
894 2680 952 2743 pro
983 2660 1073 2727 emis
1094 2660 1258 2742 Pragensi.

57 2765 139 2831 Item
163 2768 322 2831 tenentur
342 2766 461 2832 ducere
484 2767 571 2848 ligna
593 2783 650 2847 pro
674 2763 811 2830 edificiis
834 2763 876 2828 sd
891 2767 1031 2831 castrum
1053 2769 1088 2828 et
1110 2769 1261 2829 tenentur

57 2868 174 2935 senari
196 2868 242 2935 ad
262 2869 452 2936 mandatum
474 2868 649 2952 burgranii.

163 2998 486 3081 Pozyerzeneze
516 2999 614 3065 habet
644 3016 741 3063 unmn
772 2996 910 3076 laneum,
940 3014 1036 3076 quem
1067 3000 1157 3061 tenet
1186 3016 1260 3080 pra·

57 3102 263 3169 visionarius
285 3101 451 3171 Johannes
473 3121 545 3168 eum
570 3101 643 3167 aliis
665 3099 824 3179 omnibus,
847 3116 910 3180 que
932 3100 1096 3181 pertinent
1117 3101 1152 3169 iu
1174 3103 1261 3171 villis

59 3205 250 3271 antedictis.

170 3335 376 3419 Mazyeze.

165 3438 256 3505 Ville
277 3439 426 3522 Mazyeze
448 3441 547 3506 habet
571 3441 612 3504 10
633 3440 744 3506 laneos
768 3459 839 3505 eum
862 3459 926 3506 uno
951 3442 1101 3524 quartuli,
1126 3442 1263 3523 quilibet

57 3544 162 3611 solvit
177 3544 347 3610 annuatim
362 3541 405 3607 56
426 3563 484 3624 gn,
500 3545 541 3608 de
557 3542 673 3624 quibus
686 3544 785 3626 judex
800 3545 899 3610 habet
918 3542 953 3627 ¹t2
970 3546 1099 3610 laneum
1114 3544 1260 3611 liberum

56 3650 143 3715 Item
168 3651 222 3713 est
243 3647 365 3712 ibidem
395 3665 478 3713 uuus
510 3648 623 3713 subses
655 3649 782 3713 solvens
813 3649 979 3713 annuatim
1001 3650 1021 3712 6
1045 3667 1090 3727 gr.
1123 3651 1156 3711 et
1179 3647 1261 3714 alins

57 3754 178 3819 snbses
200 3751 260 3815 nbi
293 3750 388 3832 sedit,
421 3756 472 3817 est
494 3752 623 3817 ommno
645 3754 818 3818 deseatum.
865 3753 946 3815 Item
977 3754 1027 3815 est
1054 3748 1174 3815 ibidem
1198 3769 1261 3816 una

57 3860 206 3936 aratura,
230 3871 328 3935 quam
352 3858 441 3920 tenet
464 3854 629 3921 Iohannes
651 3857 756 3922 dietus
781 3854 911 3935 Swyest.
951 3851 1033 3917 Item
1056 3850 1166 3933 bema,
1190 3856 1261 3935 qui-

58 3960 142 4026 libet
172 3959 291 4023 laneus
321 3959 419 4023 solvit
449 3960 491 4025 32
522 3978 579 4040 gn,
614 3957 852 4024 deleneionales
886 3957 975 4036 lgr.
1021 3956 1103 4020 Item
1126 3956 1263 4036 quilibet

58 4063 177 4129 laneus
201 4060 491 4127 solvit-annuatisn
514 4062 595 4127 duos
618 4062 736 4142 pullas,
773 4060 814 4122 10
836 4078 904 4122 ove.
951 4060 1032 4122 Item
1055 4060 1096 4121 de
1119 4061 1263 4140 quelibet

58 4167 158 4234 laneo
181 4169 339 4231 tenentur
361 4169 482 4230 metere
506 4163 672 4229 annuatim
704 4163 726 4225 4
747 4160 816 4227 dies
848 4165 882 4224 et
912 4161 1021 4226 fenum
1044 4162 1206 4229 essieeane
1229 4172 1263 4233 et

59 4270 226 4338 0101000ιο
248 4269 283 4334 10
306 4272 377 4333 1010
401 4272 528 4348 pratum
551 4265 672 4330 dietum
697 4263 770 4348 [sic]
787 4262 931 4345 Welyka.
959 4265 1040 4330 Item
1055 4269 1207 4335 tenentur
1221 4273 1263 4338 ad

59 4376 186 4441 cerlam
221 4389 281 4455 pro
314 4369 525 4439 edificacione
562 4367 650 4450 ligna
682 4386 740 4449 pso
779 4366 974 4434 necessitate
1006 4368 1131 4439 ducere.
1177 4375 1260 4441 Item
