2894 4890
1224 126 1289 193 249

190 348 232 399 oe
258 336 297 399 et
319 350 380 415 pro
402 332 487 397 festo
510 332 543 401 S.
556 332 689 415 Georgii
711 336 755 399 42
777 353 847 401 ora.
871 332 913 399 m
931 340 1016 414 noto,
1039 334 1125 417 quod
1148 333 1286 417 predicti

140 432 163 521 ,⁰
187 452 228 501 ee
252 452 298 501 ex
321 452 361 501 eo
384 436 514 503 solvunt
536 456 686 521 magnum
709 458 849 520 censum,
884 440 961 521 qnia
995 440 1204 505 includuntur
1232 458 1284 505 co·

36 629 40 635 Ι
127 614 130 619 ,
228 542 373 605 vectura
393 544 429 605 et
462 540 663 609 contribucio
698 542 906 625 particularis
938 562 1011 607 cum
1045 564 1159 609 inesse.
1204 542 1285 607 Item

221 642 365 711 solvunt
385 641 518 709 bernam
540 646 723 729 generalem
754 648 794 711 de
824 646 970 729 quolibet
999 647 1093 713 laneo
1116 648 1158 711 32
1181 666 1228 727 gr.
1251 651 1286 712 et

97 742 104 755 ’
198 764 254 829 gr.
279 764 341 829 pro
364 745 607 815 delenciulibus.
631 750 715 815 Item
738 750 868 815 solvunt
896 752 1045 817 denarIoe
1073 749 1211 817 lumeles
1244 749 1284 815 de

83 840 227 938 'silibet
251 848 352 917 laneo
366 868 426 933 per
442 846 479 939 Ἰ,
498 872 543 933 gr.
575 854 658 918 Item
673 852 792 919 habent
811 854 867 936 jus
890 852 1163 936 emphiteoticum,
1187 870 1285 935 super

75 952 384 1041 Tppnemplriteoel
417 954 621 1039 privilegium
654 957 790 1023 iuferius
812 963 863 1023 ost
884 958 1094 1041 descriptum.
1136 958 1180 1023 m
1211 976 1282 1039 pre·

80 1056 182 1147 fletus
205 1048 333 1145 laneos
352 1062 467 1126 tenent
488 1060 563 1125 laici
587 1058 783 1143 hrlraecripti
806 1062 979 1127 secundum
999 1062 1103 1127 nmine
1118 1068 1152 1127 et
1167 1062 1283 1141 minus,

78 1162 129 1247 eui
150 1166 339 1231 eecrmtur:

79 1290 206 1361 :ditem
222 1292 369 1361 huonon
383 1292 483 1362 habet
496 1294 518 1359 3
532 1300 637 1377 quart
756 1296 838 1361 Item
854 1296 949 1363 ldach
963 1300 1063 1365 habet
1076 1300 1097 1365 3
1112 1298 1282 1382 quartalis.

57 1423 62 1485 j
84 1392 205 1465 iurem
222 1397 392 1465 Martinus
405 1396 504 1464 habet
518 1398 661 1463 2Ianeos
756 1401 838 1466 Item
855 1400 980 1467 Weeeel
994 1404 1094 1470 habet
1109 1404 1246 1485 bossut.

80 1502 186 1569 uinus
203 1504 225 1569 1
244 1502 401 1583 quartuli
756 1507 838 1571 Item
854 1506 999 1572 Andreas
1014 1508 1139 1572 hebeti
1156 1510 1283 1573 laneum

117 1608 208 1673 Item
222 1604 385 1673 Nicolcus
400 1606 533 1673 habeti
549 1608 661 1673 laneos
714 1610 753 1675 12
766 1610 834 1692 jug.

82 1712 188 1781 nidus
216 1712 269 1777 12·
279 1710 459 1793 jugeribus.
757 1714 836 1777 Item
852 1716 887 1779 in
902 1714 1004 1795 pratis
1023 1714 1146 1781 hebent
1164 1714 1200 1797 Ἰ,
1218 1715 1281 1779 lau.

115 1829 119 1835 Ι
154 1830 157 1837 ¹
185 1866 472 1971 Privileginm
496 1868 609 1933 dicte
632 1868 742 1933 ville
766 1866 1016 1935 Olrrasscen.

186 2000 229 2065 ln
252 1998 386 2063 nomine
407 1998 538 2063 domini.
577 2000 687 2065 Amen.
722 1998 805 2077 Quia
828 2000 931 2066 omnis
954 1999 1173 2080 alienationis,
1197 2020 1285 2083 emp·

86 2102 199 2185 tionis,
221 2102 427 2169 vendicionis
448 2103 564 2168 titulus
587 2102 709 2169 firmior
722 2109 756 2169 et
771 2104 892 2170 cercior
913 2123 985 2171 esee
1007 2104 1091 2171 eolet
1113 2110 1146 2170 et
1168 2106 1284 2171 durare

86 2208 181 2275 dehet
204 2226 245 2273 ac
267 2212 424 2289 perpetuo
447 2207 574 2273 stabffis
596 2226 794 2288 permanere,
818 2210 846 2274 si
868 2228 917 2289 ee,
941 2228 1002 2291 que
1025 2213 1173 2291 aguntur,
1197 2230 1282 2275 com·

87 2312 274 2393 octennium
307 2311 489 2377 htterarum
521 2313 705 2379 teethnonio
737 2312 928 2379 irrotantur:
962 2314 1083 2377 idcirco
1114 2331 1173 2378 noe
1196 2313 1281 2395 Otto¹

88 2416 197 2491 diuina
218 2418 256 2480 et
276 2414 455 2495 apostolice
483 2415 571 2481 sedis
593 2416 800 2497 providencia
830 2418 931 2482 abbas
952 2416 1141 2482 monasterii
1164 2416 1284 2483 Montis

89 2518 173 2603 Spon
191 2518 296 2591 ,eliae
322 2515 565 2585 Strahouieneie
592 2518 899 2586 Premonstratcnsis
930 2521 1052 2586 ordinis
1083 2538 1182 2601 prope
1208 2520 1284 2586 Pra-

89 2642 189 2705 ιςιιιι,Ι
206 2628 361 2703 totusque
394 2628 571 2690 conventus
604 2624 724 2690 ibidem
765 2625 924 2691 universis
957 2630 1124 2706 presentes
1156 2624 1283 2693 litteras

88 2726 285 2811 inspecturis
309 2727 454 2801 volumus
477 2746 548 2793 esse
572 2732 692 2808 uotum,
727 2728 813 2807 quod
835 2729 1001 2794 venientes
1024 2730 1065 2795 ad
1087 2730 1190 2796 nostri
1211 2749 1283 2811 pre·

86 2832 233 2907 -seuciem
266 2832 414 2898 homiues
454 2833 559 2899 nostri
598 2834 639 2899 de
677 2833 756 2897 villa
788 2830 986 2898 Chraesczau
1018 2850 1118 2916 prope
1153 2833 1285 2899 Ouezar

89 2928 240 3019 spectans
263 2934 348 3020 [sic]¹
364 2936 404 3001 ad
426 2955 521 3001 usum
544 2940 577 3001 et
598 2937 828 3018 proprietatem
859 2936 1047 3002 monasterii
1069 2938 1171 3001 nostri
1194 2941 1283 3002 ante-

90 3040 170 3113 dicti
191 3039 287 3113 nobie
308 3040 475 3111 humiliter
497 3040 728 3122 supplicarunt,
762 3045 799 3105 nt
821 3040 1025 3121 privilegium
1058 3040 1201 3121 ipsorum
1226 3059 1283 3105 eeu

33 3208 35 3231 ἰ
90 3144 288 3217 locutionem
299 3144 570 3225 emphiteoticem,
590 3145 671 3226 ipeie
687 3143 803 3209 lectam
823 3144 864 3209 de
879 3144 957 3209 villa
972 3161 1028 3208 seu
1039 3143 1134 3209 bonis
1150 3142 1284 3209 Chress·

33 3294 35 3299 -
90 3248 347 3331 cuenpredictie,
370 3249 456 3329 qnod
470 3248 675 3329 privilegium
697 3266 774 3313 casu
797 3253 830 3314 et
849 3265 907 3329 per
924 3247 1088 3314 incertam
1104 3248 1283 3314 custodiam

91 3353 199 3423 extitit
232 3352 280 3419 eis
314 3358 500 3433 crematum,
535 3351 770 3418 ratIficaremus
807 3371 865 3419 seu
899 3351 1170 3420 confirmaremus.
1215 3354 1283 3419 Noe

90 3455 189 3539 igitur
212 3476 252 3523 ex
273 3473 312 3523 eo
336 3456 558 3523 condicionem
580 3463 723 3523 nostram
754 3462 787 3522 et
809 3459 999 3525 monasterii
1021 3459 1125 3525 nostri
1145 3457 1283 3539 predicti

90 3580 153 3629 non
176 3562 372 3629 deteriorem
404 3562 628 3642 prosperdmus
663 3562 721 3627 eed
754 3564 928 3645 meliorem,
962 3563 1138 3628 humilibus
1172 3579 1283 3626 eorum
1296 3585 1376 3625 sm

90 3666 238 3746 precibus
259 3665 313 3747 pie
335 3669 370 3730 et
391 3670 525 3747 paterne
546 3666 705 3747 inclinati,
731 3686 796 3733 non
818 3670 922 3734 solum
944 3671 1047 3731 ratam
1071 3665 1227 3731 habentes
1249 3669 1283 3729 et

90 3766 212 3835 firmam
236 3768 482 3849 esposicionem
514 3769 570 3835 sed
603 3769 706 3833 eciem
728 3773 873 3835 nostrum
895 3787 1086 3835 consensum
1108 3767 1282 3848 benignum

90 3877 123 3936 et
142 3873 344 3939 voluntatem
372 3872 508 3938 liberam
542 3892 580 3938 ex
613 3878 725 3939 nostra
748 3877 836 3940 certa
856 3873 1009 3939 'eoieucIa
1037 3870 1226 3937 adhibemus
1248 3876 1282 3938 et

89 3975 248 4057 presentie
264 3975 378 4057 scripti
388 3978 567 4059 patrocinio
584 3977 761 4043 liberaliter
773 3974 998 4043 confirmamus
1012 3979 1046 4040 et
1056 3975 1280 4056 approbemus,

89 4081 199 4163 equne
215 4099 274 4147 een
290 4080 462 4148 heredibus
471 4100 516 4149 ,ac
531 4081 770 4149 successoribus
785 4099 895 4147 eorum
910 4080 1086 4162 predictam
1099 4077 1209 4143 villam
1223 4096 1281 4145 een

88 4184 265 4251 benacum
288 4185 356 4251 suis
379 4186 482 4252 laneis
502 4205 540 4250 ec
557 4185 774 4267 pertInenciis,
795 4185 1003 4266 septuagInta
1015 4185 1080 4249 duo
1092 4183 1208 4265 jugera
1222 4202 1280 4265 pro

88 4289 181 4356 laneo
203 4291 430 4374 computando,
464 4309 600 4372 quornm
636 4290 800 4355 laneorum
836 4290 854 4352 7
889 4308 960 4354 cum
994 4287 1126 4353 dimidio
1160 4291 1194 4351 et
1216 4288 1280 4353 duo

85 4396 201 4479 jngere
234 4397 270 4461 in
292 4395 380 4461 dicta
414 4395 492 4461 villa
526 4414 597 4461 esse
631 4394 852 4474 dinoscuntm·‚
886 4394 1024 4476 receptis
1058 4392 1098 4458 ab
1120 4392 1200 4472 ipsis
1221 4410 1280 4474 pro
