2894 4890
175 180 221 243 90

171 388 328 468 plebanus
351 390 401 455 Sti
421 389 561 471 Kyliani,
584 389 733 456 dominus
754 392 908 457 Nicolaus
932 391 1143 474 cappellanus
1165 390 1272 457 dietus
1285 390 1391 457 oso·

171 510 251 572 raas,
273 492 414 558 Thomas
438 493 538 575 judex
567 493 607 558 de
636 493 742 559 Dauel
772 498 805 559 et
835 494 893 559 alii
926 512 1024 575 quam
1045 494 1156 575 plures
1177 498 1277 561 testes
1296 480 1381 575 iifl?

172 594 272 677 ffiglli.
1251 636 1259 645 ι
1287 620 1291 627 ’
1312 614 1391 671 “··111>

233 854 236 861 ¹
348 769 397 835 De
419 790 568 835 muscosa
591 770 715 837 domiai
735 769 858 837 abbatis
881 780 910 835 et
931 780 1017 836 certa
1038 772 1185 840 camah.
1295 764 1385 869 stam]

97 958 102 969 .
143 941 163 971 2.
278 907 393 975 Coram
415 911 509 977 nobis
531 909 680 977 Mstislao
703 912 830 992 abbate,
853 911 964 976 Ulrieo
987 910 1152 992 preposito
1175 910 1262 977 dicto
1280 908 1364 987 Bari

171 1014 277 1096 batus,
300 1013 400 1080 Tema
418 1015 537 1097 judice,
560 1014 745 1095 Witraassa,
769 1016 988 1081 Tomssskone
1011 1020 1045 1080 et
1066 1014 1154 1096 Vito,
1177 1012 1364 1081 comatos

173 1119 213 1184 de
236 1119 351 1198 Dauel,
375 1120 570 1184 constitutus
591 1119 835 1200 presencialiter
855 1119 1016 1185 discretus
1038 1120 1088 1185 vir
1101 1119 1257 1199 Androm,
1277 1118 1371 1200 olymp

173 1227 284 1288 noster
311 1222 478 1304 nostrique
508 1222 653 1287 notarius
683 1222 880 1304 monasterii,
905 1224 1017 1288 'libere
1049 1222 1216 1290 coufessus
1248 1225 1296 1289 ost
1321 1222 1391 1306 tid*

172 1324 301 1406 publice
322 1326 531 1407 reconguovit
553 1341 611 1390 suo
640 1331 674 1391 et
695 1326 882 1407 Kathcrine,
905 1328 1015 1393 uxoris
1044 1347 1112 1408 sue,
1143 1327 1273 1393 nomina
1296 1340 1391 1412 ng

174 1447 239 1493 uon
261 1427 400 1494 filiorum
418 1434 453 1493 ct
469 1427 609 1495 filiarum
628 1449 760 1495 suarum
780 1431 963 1497 nominibus
985 1431 1170 1498 vendidisse
1188 1431 1256 1497 rite
1273 1416 1391 1519 inmite,

173 1532 369 1599 vendicionis
384 1534 481 1601 titolo
504 1553 612 1600 aream
635 1553 727 1599 suom
743 1534 778 1599 in
796 1535 904 1601 Dauel
921 1539 997 1616 post
1015 1535 1354 1602 combuscionemroult
1372 1562 1391 1624 t:

157 1635 320 1703 'omuibus
335 1636 454 1703 ibidem
469 1638 681 1703 remanenciis
696 1642 730 1703 ct
745 1638 916 1703 structuris
930 1639 1017 1704 inter
1031 1637 1144 1704 domos
1157 1634 1354 1704 Paueltaonit

140 1788 144 1795 .
172 1739 215 1804 ab
246 1760 311 1806 una
340 1746 374 1807 et
402 1741 627 1808 Tomassconis
657 1741 853 1807 braseatoris
880 1746 914 1807 et
943 1742 1107 1807 consulem
1129 1741 1299 1809 Paruioum
1319 1733 1391 1834 Ul,

172 1849 264 1926 parts
279 1846 320 1911 ab
336 1846 438 1910 altera
461 1846 615 1911 situatam
631 1845 771 1911 discreto
787 1843 1014 1928 Praemysloni,
1036 1850 1147 1912 nostro
1162 1840 1355 1913 monandi
1375 1878 1391 1937 p

171 1967 234 2030 que
265 1950 367 2014 nostri
398 1950 537 2030 notario,
568 1966 627 2030 pro
651 1946 712 2031 8¹l,
736 1966 843 2030 sesag,
874 1967 973 2030 gross.
1004 1966 1153 2030 pragens.
1183 1948 1291 2015 denar.
1320 1944 1354 2011 ab
1376 1980 1391 2044 ,a

171 2053 241 2133 ipso
262 2052 466 2133 integraliter
487 2057 722 2134 perceptorum,
756 2071 851 2117 omne
868 2051 932 2134 jus,
965 2053 1051 2134 quod
1073 2053 1181 2134 ipsum
1203 2052 1354 2119 nnuman
1379 2100 1391 2149 ἶ

173 2159 206 2220 et
235 2166 367 2220 uxorem
397 2173 490 2221 suam
519 2155 668 2222 similiter
701 2160 735 2220 et
764 2155 884 2221 liberos
914 2156 948 2219 in
979 2157 1092 2223 eadem
1114 2155 1214 2223 domo-
1232 2159 1268 2220 et
1288 2158 1391 2253 oros,

172 2258 385 2324 concernebat
413 2259 609 2325 hereditarie
639 2259 681 2325 ad
703 2277 817 2324 manus
845 2257 949 2339 ipsius
970 2257 1204 2341 Przemyslonis
1233 2274 1356 2340 prorsus
1382 2308 1391 2350 3.

171 2363 374 2444 resignando,
408 2364 600 2445 promittens
631 2362 858 2428 nichilominus
888 2362 995 2429 dictus
1024 2362 1191 2443 prediatus
1219 2361 1391 2459 matt,

170 2467 299 2532 domum
322 2465 478 2550 prefatam
499 2466 677 2548 disbrigare
696 2467 737 2532 ab
755 2466 885 2531 homine
904 2465 1050 2546 quolibet
1067 2465 1172 2546 ipsam
1190 2465 1358 2546 impetente
1387 2496 1391 2559 3

170 2575 203 2636 et
216 2571 321 2654 impeti
334 2573 462 2638 volente
477 2573 652 2638 secumdum
667 2589 794 2637 cursum
802 2575 838 2635 et
847 2569 1113 2635 consuetudinem
1125 2567 1209 2635 dieti
1222 2566 1360 2653 o[p]pidi
1388 2620 1391 2631 .

170 2675 284 2741 Daucl.
329 2675 515 2757 ibidemque
537 2677 644 2742 dictam
667 2674 827 2757 Praemysl
849 2675 890 2738 de
912 2676 1007 2741 domo
1036 2672 1085 2739 sio
1106 2677 1216 2754 empta
1237 2677 1361 2754 otper-

170 2778 277 2845 soluta
298 2779 409 2845 volens
431 2797 496 2845 non
516 2778 683 2861 inprovide
705 2778 877 2860 disponere
900 2783 934 2843 et
955 2777 1116 2856 ordinare,
1138 2776 1181 2841 de
1204 2790 1362 2842 consensu

169 2886 204 2949 et
220 2882 392 2949 uoluntate
413 2883 532 2950 nostris
555 2883 708 2965 disponit,
734 2883 866 2949 ordinat
888 2881 983 2946 modo
1006 2879 1190 2960 subsecuto,
1212 2878 1364 2953 videlicet

169 2988 257 3068 ouod
285 2989 315 3054 si
340 3007 383 3054 en
411 2989 611 3069 contingenti
640 2992 674 3052 et
703 2986 831 3052 ulcione
862 2985 972 3053 divina
1003 2984 1210 3065 permittente
1240 2984 1363 3063 uicum

168 3091 424 3175 Pizemyslonem
446 3093 545 3159 vitam
567 3093 664 3158 huius
686 3091 847 3158 incolatus
869 3093 1005 3172 repente
1025 3104 1214 3154 consumare
1240 3088 1364 3163 contiu-

169 3196 263 3276 garit,
284 3198 371 3276 quod
393 3197 489 3277 absit,
512 3199 635 3278 absque
657 3197 722 3263 alia
744 3195 963 3277 disposicione
984 3209 1080 3272 quam
1102 3190 1161 3257 hic
1178 3190 1362 3272 subsecuta,

169 3299 254 3377 quod
276 3298 588 3381 tunc'Ven'oaeslous,
611 3298 698 3365 filius
719 3300 824 3381 ipsius
839 3296 1072 3376 Praemislonis,
1097 3311 1169 3360 cum
1196 3295 1364 3361 seutdom

170 3399 238 3466 suis
258 3406 295 3466 et
315 3401 479 3483 tratribus,
510 3404 539 3469 si
561 3403 617 3484 qui
649 3421 706 3483 pro
729 3406 873 3482 tempore
903 3400 1032 3479 fuerim,
1062 3399 1204 3466 habeant
1234 3397 1365 3471 domum

168 3503 333 3585 prolatam
348 3523 413 3570 uns
433 3523 512 3571 aum·
530 3506 625 3572 bonis
647 3504 821 3569 mobilibus
843 3504 1003 3569 universis
1023 3507 1131 3584 preter
1160 3501 1364 3569 lectisternia

168 3626 226 3688 pro
256 3626 316 3674 sua
343 3607 541 3675 hereditario
570 3609 733 3689 porcione,
765 3611 800 3671 et
821 3624 885 3671 uno
915 3607 1090 3673 decedente
1119 3604 1230 3687 porcio
1259 3605 1363 3687 ipsius

168 3711 203 3779 iu
224 3712 314 3780 vivos
337 3712 535 3792 devolvatur,
566 3715 599 3776 et
621 3711 668 3777 sic
688 3711 730 3776 de
752 3710 856 3791 primo
879 3714 912 3774 et
934 3709 1059 3790 ultimo,
1090 3709 1194 3773 solum
1217 3708 1364 3783 Barbara

167 3814 320 3898 priv-igno·
343 3815 447 3897 ipsius
468 3813 702 3897 Praemyslonis
731 3814 871 3895 exclusa,
907 3832 969 3896 que
998 3832 1070 3878 cum
1100 3816 1204 3887 matre
1224 3830 1298 3889 iaua
1316 3818 1363 3889 ,et

168 3931 268 3986 uxore
289 3919 525 4004 Praemyslonis
552 3920 590 3985 in
619 3917 694 3985 aliis
723 3917 826 3999 bonis,
856 3918 981 3985 scilicet
1003 3917 1106 3999 Prage
1136 3915 1268 3983 situatis
1288 3935 1364 3999 puto¹

169 4025 263 4095 done
283 4031 318 4091 et
339 4029 428 4091 sorte
448 4024 640 4091 hereditatis
670 4040 729 4089 sua
757 4022 979 4090 indubitanter
1009 4021 1204 4103 gaudebuut.
1244 4020 1364 4097 liciam

168 4130 255 4198 idem
271 4128 439 4197 ·Przcmisl
468 4128 552 4195 hanc
582 4126 824 4195 ordinacionem
852 4131 886 4192 et
915 4126 1173 4207 disposicionem,
1208 4125 1239 4193 si
1263 4143 1364 4207 opor-

168 4235 278 4314 tuerit,
301 4234 423 4316 poterit
446 4237 628 4314 permutare
651 4234 685 4295 et
706 4231 741 4295 in
763 4230 859 4297 aliam
877 4228 1012 4295 formam
1030 4233 1065 4294 ot
1081 4230 1193 4295 modos
1209 4229 1364 4309 meliores

169 4337 333 4419 quoslibet
365 4338 510 4420 redigere
544 4353 602 4419 pro
632 4335 726 4402 libito
756 4355 814 4401 sue
846 4334 1032 4401 volimtatis.
1076 4334 1158 4400 Aeta
1192 4337 1270 4399 sunt
1301 4333 1363 4407 bec

170 4458 256 4515 tuno
285 4441 409 4509 domini
444 4440 616 4511 millesimo
653 4440 877 4507 trecentesimo
914 4439 1132 4521 octuagesimo
1165 4433 1255 4507 iul
1279 4435 1365 4507 teria
