2894 4890
1179 224 1245 291 265

10 468 17 494 ι.
105 425 177 493 boui
200 424 302 491 situm
325 426 366 491 ab
382 426 431 493 eis
446 430 480 493 et
494 445 604 494 eorum
620 428 873 509 successoribus,
897 430 966 495 sinc
989 430 1135 511 qualibet
1158 432 1244 497 solu-

10 568 17 581 ·
63 598 66 603 ,
157 530 275 613 meio
295 548 335 595 ex
357 530 493 613 speciali
515 538 671 615 perpetue
703 534 883 597 trabentium
920 552 979 615 pro
1001 536 1131 615 publice
1153 542 1245 601 rect

10 658 12 691 :
71 628 74 633 ’
144 652 208 717 pro
231 636 476 717 cummunitate,
506 637 591 701 sicut
612 638 661 701 eis
683 636 851 719 placuerit,
885 638 1060 703 tenendum
1082 644 1117 705 et-
1139 640 1244 721 possi-

62 736 196 805 hdum.
227 740 313 803 Item
334 738 540 805 concedimus
561 740 610 805 eis
632 746 667 803 ot
688 760 799 807 eorsum
823 740 971 821 pauoris,
995 742 1082 821 quod
1105 744 1246 808 habeant

61 842 196 909 oneum
226 861 398 910 commune
431 848 465 909 et
497 862 609 925 gazam
643 864 701 927 pro
735 850 865 925 pastore
897 846 1067 927 coturnuui,
1104 848 1144 911 de
1174 848 1247 928 qui-
1257 876 1281 915 r.
1294 882 1339 915 ve..

61 944 226 1023 bmuobis
249 948 376 1013 solvere
406 946 506 1013 nichil
541 950 746 1013 tenebuntur.
793 948 947 1015 l’reterce
975 948 1089 1015 silvam
1112 968 1170 1015 seu
1191 970 1245 1015 ur-

59 1048 118 1117 len
147 1048 275 1117 dictam
304 1050 464 1135 Byelospn
496 1052 530 1117 in
560 1058 668 1117 monte
699 1052 814 1135 Byetiu
844 1054 893 1117 cis
921 1051 1081 1119 venditam
1112 1059 1145 1118 et
1174 1072 1245 1135 par-

59 1156 117 1237 cn,
150 1172 221 1237 que
256 1172 315 1219 eos
337 1154 511 1235 concernit,
545 1160 774 1237 mensuratam,
807 1157 841 1221 in
864 1157 984 1224 litteris
1006 1176 1116 1222 eorum
1151 1176 1248 1239 supin

58 1256 245 1339 mpniceosi
275 1257 363 1324 datis
392 1276 456 1325 non
487 1277 680 1340 expressam,
714 1260 762 1325 eis
797 1266 831 1325 ct
864 1280 975 1327 eorum
1010 1262 1248 1327 successoribus

58 1366 199 1443 pepetue
223 1360 428 1445 applicamus
449 1368 485 1429 et
507 1364 608 1429 eciam
631 1364 830 1445 libcrtamus,
867 1367 1075 1432 venacionem
1097 1366 1191 1431 nobis
1214 1367 1247 1429 in

58 1466 155 1533 Mem
177 1465 355 1531 dumtaxat
369 1472 583 1547 reservantes,
606 1468 752 1533 volentes
767 1470 881 1549 eciem,
905 1476 942 1535 nt
957 1472 1069 1535 cadem
1084 1470 1245 1548 libertate,

56 1568 111 1651 jnre
132 1576 170 1637 et
190 1570 366 1639 voluntete
386 1576 454 1639 tam
476 1571 511 1637 iu
534 1572 648 1637 balneo
671 1591 768 1653 (quarn
791 1580 919 1653 pastore
942 1593 980 1639 ac
995 1575 1099 1639 eciem
1114 1575 1148 1637 in
1164 1572 1247 1637 silva

58 1674 182 1754 pedicti
213 1674 365 1742 homines
393 1677 498 1741 nostri
529 1676 678 1741 villarum
709 1677 821 1758 Patck,
851 1676 1049 1743 StradornIcz
1079 1682 1247 1741 eteorum

59 1796 256 1847 messores
287 1778 322 1843 in
349 1784 540 1861 perpetuum
572 1782 736 1861 gaudeant
758 1786 792 1845 et
814 1781 971 1846 irruent-ur.
1017 1782 1055 1845 In
1085 1780 1176 1845 cuius
1198 1782 1246 1844 rei

58 1881 274 1951 testimonium
296 1888 331 1949 et
350 1884 450 1952 robur
471 1890 626 1967 perpetue
647 1884 811 1951 iinuitatis
841 1885 948 1965 sigilla
977 1890 1088 1950 nostra
1117 1902 1247 1965 presen-

58 1988 133 2055 teu
155 1992 239 2055 sunt
260 2006 412 2070 appensa.
443 1988 563 2055 Datum
585 1990 619 2053 iu
642 1992 838 2055 monasterio
862 1995 970 2056 nostro
994 1988 1139 2070 predicto
1162 2006 1246 2053 anno

59 2091 170 2159 domini
192 2089 499 2159 M0000⁰nxxl111
520 2094 555 2157 in
577 2094 629 2159 die
653 2092 720 2161 Soti
742 2093 913 2159 Ambrosii.

93 2244 96 2249 -
144 2198 193 2263 Et
215 2196 261 2261 sd
282 2197 517 2263 excludendum
539 2197 573 2262 in
595 2197 739 2264 futurum
761 2198 948 2264 ambietatIs
970 2199 1156 2281 scrupulum
1186 2198 1246 2263 lru·

60 2302 209 2369 mulctum
242 2305 391 2367 nostrum
425 2306 575 2383 spectans
609 2301 651 2367 ad
686 2302 807 2368 crudam
842 2302 991 2383 Olenicz,
1025 2304 1123 2369 situm
1157 2307 1247 2367 treus

60 2402 171 2471 iumen
192 2406 230 2471 in
260 2406 332 2471 loco
362 2406 449 2471 dicto
479 2406 625 2488 Swynna,
655 2426 714 2488 pro
743 2407 845 2488 pratis
875 2406 1032 2471 iaciendis
1063 2406 1248 2471 hominibus

60 2511 170 2575 noun-is
206 2528 266 2575 seu
288 2509 495 2575 kmetonibns
526 2511 566 2574 de
589 2510 771 2591 Radomim,
804 2529 918 2576 novem
944 2511 1061 2593 jugera
1083 2529 1141 2575 scu
1173 2510 1247 2575 stri·

60 2612 169 2679 chones
208 2613 353 2695 capiens,
390 2604 593 2680 vendidimus
632 2619 666 2679 et
693 2634 764 2679 curn
787 2617 904 2681 ceteris
933 2614 1027 2680 bonis
1057 2614 1142 2679 dicte
1172 2614 1247 2677 ville

60 2718 312 2785 mensuravimus
334 2716 375 2780 ab
397 2718 445 2782 eis
475 2721 629 2799 perpetue
656 2719 729 2800 jure
763 2718 976 2800 proprietario
1008 2718 1247 2799 possidendum.

59 2821 95 2887 lit
107 2823 150 2889 ad
163 2822 257 2887 ditta
270 2824 365 2902 prata
386 2838 445 2885 seu
466 2822 573 2887 iocum
593 2827 737 2902 tempore
759 2821 1013 2888 falcastracionis
1028 2840 1087 2904 per
1101 2826 1247 2887 nostrum

60 2924 158 2992 lucum
181 2923 357 2990 transitum
381 2928 415 2988 et
436 2925 520 2990 dam
543 2926 665 3008 absque
687 2929 797 2991 nostro
820 2926 958 3007 dampno
981 2924 1155 2990 habebunt.

151 3028 271 3096 Vilia
301 3026 571 3094 Stradomicz.

152 3135 237 3200 Item
261 3132 381 3198 ibidem
405 3139 483 3199 sunt
505 3136 547 3199 22
569 3134 657 3199 lenei
680 3135 850 3215 solventes,
874 3138 907 3198 et
929 3131 969 3196 de
985 3132 1131 3213 quolibet
1153 3133 1247 3196 laneo

61 3237 220 3317 profesto
243 3238 276 3304 S.
300 3236 388 3303 Galli
411 3240 540 3303 solvunt
561 3239 604 3304 36
627 3259 672 3321 gr.
696 3242 730 3303 et
748 3238 884 3304 totidem
907 3255 964 3319 pro
988 3236 1071 3302 festo
1094 3234 1127 3302 S.
1149 3235 1249 3300 Geor-

62 3341 110 3421 gii.
146 3342 232 3407 Item
255 3340 394 3422 quilibet
416 3343 456 3407 de
479 3342 573 3407 laneo
597 3342 701 3408 solvet
724 3345 743 3408 6
767 3342 947 3408 strichones
970 3341 1071 3424 grani,
1094 3341 1114 3404 2
1137 3339 1248 3419 tritici,

62 3446 188 3511 bordei
209 3450 246 3509 et
266 3447 288 3510 2
311 3444 459 3527 siliginis.
504 3447 587 3510 Item
619 3446 759 3527 quilibet
787 3450 918 3511 tenetur
949 3446 990 3511 ed
1021 3445 1249 3510 monasterium

61 3548 174 3615 ducere
198 3551 241 3615 10
263 3549 442 3615 strithones
473 3550 562 3615 bladi
593 3551 774 3631 sumptibus
804 3569 914 3617 corum
938 3556 972 3615 et
995 3550 1142 3633 expensis
1165 3548 1249 3613 infre

61 3650 173 3719 festum
195 3652 228 3718 S.
251 3653 440 3719 Venczeslai
470 3657 503 3717 et
535 3653 716 3734 Epiphanio
746 3654 876 3719 domini.
922 3654 1005 3717 ltem
1039 3653 1176 3735 quilibet
1209 3653 1248 3715 de

59 3755 147 3823 lanso
177 3757 270 3823 dabit
292 3759 313 3823 6
336 3775 503 3837 messores,
535 3757 620 3821 dad
643 3758 813 3839 hyemalia,
848 3760 870 3823 2
899 3755 941 3821 od
964 3757 1121 3822 estivalis.
1168 3757 1248 3819 Item

60 3862 192 3943 quilibet
215 3863 256 3927 de
278 3862 371 3926 laneo
394 3861 499 3926 solvet
521 3864 540 3927 6
563 3862 669 3942 pullos
693 3867 726 3926 et
748 3864 791 3925 lit)
814 3880 882 3925 ova.
928 3861 1009 3924 Item
1041 3859 1178 3939 quilibet
1208 3859 1248 3922 de

59 3965 148 4033 laneo
170 3966 270 4031 ducet
291 3985 389 4030 unum
414 3985 542 4029 currum
565 3967 604 4030 de
627 3965 701 4029 feno
725 3966 765 4028 ad
801 3964 922 4027 cuidam
945 3964 979 4027 in
1002 3962 1104 4027 Patelr
1134 3962 1184 4026 vel
1214 3960 1248 4025 in

60 4066 197 4153 Olenios,
232 4071 290 4135 ubi
319 4074 509 4151 procurator
529 4069 730 4133 iudicaverit.
777 4069 859 4132 Item
882 4065 1019 4147 quilibet
1041 4067 1138 4130 ducet
1161 4066 1249 4145 ligna

60 4178 88 4239 et
107 4174 246 4241 frutims
276 4192 375 4256 super
403 4174 605 4238 obstaculum
635 4170 820 4250 molendiui,
855 4175 951 4250 prout
981 4173 1167 4235 consuetum
1199 4173 1250 4234 est

59 4280 95 4347 ab
116 4280 263 4363 antiqno.
308 4280 389 4343 Item
413 4280 542 4344 solvunt
555 4279 688 4343 bernam
704 4275 887 4358 generalem
903 4292 962 4355 per
977 4274 1019 4337 33
1035 4292 1080 4354 gr.
1098 4292 1246 4355 pragens.

58 4384 95 4451 de
116 4383 265 4467 quolibet
286 4385 380 4449 laneo
403 4387 436 4449 et
457 4402 515 4465 pro
546 4380 742 4448 exaccionaii
771 4380 871 4443 berna
901 4378 1038 4459 singulis
1070 4378 1162 4443 aunIs
1190 4396 1249 4460 per

59 4488 98 4555 20
119 4508 168 4571 gr·
181 4487 344 4554 ¹similiter
364 4490 405 4554 de
427 4487 529 4552 laneo.
575 4488 656 4550 Item
687 4484 816 4549 solvunt
845 4482 995 4548 denarios
1025 4481 1162 4548 fumales
1190 4502 1250 4565 per
