2894 4890
10 296 13 337 ³
29 389 43 403 ¹
106 314 279 399 minimis
292 324 328 384 et
342 319 587 386 consuetudinis
603 320 805 401 oportunitas
820 318 930 399 erigit
954 318 995 383 nd
1011 318 1113 385 instar
1128 317 1262 382 aliarum

10 500 12 513 Ι
10 422 63 460 s'
101 418 235 485 tinearum
258 422 378 487 riteet
400 422 643 487 racionabiliter
665 424 795 486 salvo
784 442 856 503 puro
888 423 1010 501 decime
1041 423 1183 503 suscepit
1204 442 1261 502 pro

10 514 39 547 '⁷
91 540 115 589 to
130 530 161 589 et
180 523 293 605 Ofcze,
315 526 425 591 uxoris
448 544 507 591 sne
521 526 681 605 legittime
705 525 778 609 [sio]
801 527 1064 605 heredibusque
1057 543 1198 606 1psorum
1222 525 1264 590 sd

10 613 42 655 ·*
83 624 262 708 intendam,
284 630 467 708 tenendam,
490 628 707 710 plantandam,
741 630 955 693 utiirucndam
990 629 1360 710 atJu1·eheredi·s.³aa

78 732 148 796 torio
171 733 420 814 quomodolibet
451 734 677 813 possidendam
712 736 745 797 ot
767 733 808 796 de
840 733 913 814 ipss
946 733 1040 797 vinea
1071 730 1264 811 faciendum,

68 839 159 917 prout
180 836 251 917 ipsi
272 835 415 903 Iohanni
438 841 474 900 et
494 836 591 901 Oscze
613 856 651 900 ac
673 836 846 902 heredibus
869 838 937 901 suis
960 836 1074 900 melius
1097 839 1130 899 et
1151 836 1265 900 utilius

65 940 232 1005 ridebitur
255 940 406 1021 expedire
429 941 651 1021 inpedimento
675 940 821 1021 quolibet
843 959 906 1004 nou
930 939 1089 1004 obstante.
1112 940 1149 1002 In
1173 937 1265 1003 cuius

59 1042 104 1107 rei
128 1043 363 1109 testimonium
386 1044 530 1125 sigillum
553 1043 680 1109 obbatis
714 1046 753 1109 dc
787 1048 876 1107 corto
898 1048 1008 1109 nostra
1031 1043 1170 1108 sciencia
1191 1059 1263 1122 pre-

57 1144 214 1211 sentibus
237 1148 290 1211 est
310 1164 498 1227 appensum.
543 1146 661 1211 Datum
695 1148 729 1211 in
762 1147 957 1211 monestede
990 1151 1100 1210 nostro
1130 1145 1264 1210 Stroho-

57 1249 179 1314 wiensi
214 1248 364 1331 predicto
394 1266 478 1316 anno
512 1248 634 1316 domiui
667 1246 897 1330 M⁰CCOC⁰IX,
929 1247 1011 1315 feria
1040 1249 1077 1314 V.
1112 1250 1164 1314 die
1198 1246 1264 1313 Soti

53 1350 229 1433 Procopii.

127 1454 269 1521 -Nots
290 1458 438 1522 vineas
461 1459 719 1523 monasterii.

164 1559 254 1624 Item
275 1559 474 1642 intersepta
497 1562 684 1625 monasterii
708 1568 783 1626 suut
806 1562 897 1626 viaroe
919 1560 1123 1640 infrascripto
1142 1566 1175 1625 et
1190 1565 1266 1623 sunt

25 1718 28 1725 .
54 1664 98 1729 de
122 1663 346 1745 pertinenciis
368 1665 571 1730 monasterii:

164 1767 254 1833 Item
276 1767 370 1833 vines
392 1768 452 1833 sub
474 1768 613 1848 pellacia
637 1769 758 1833 domini
782 1769 917 1833 abbatis.

165 1871 254 1935 Item
276 1870 371 1935 vinea
393 1870 470 1935 olim
502 1871 651 1951 magistu·
686 1872 772 1936 Galli
806 1889 877 1936 cum
905 1871 1048 1952 pomerio
1083 1871 1141 1934 sub
1171 1872 1265 1936 domo

56 1975 284 2057 prepositure.

168 2076 254 2145 Item
275 2076 371 2144 vinea
391 2078 530 2160 Klynek‚
554 2098 649 2160 quom
672 2081 713 2143 od
736 2098 868 2160 presens
890 2081 1043 2160 magister
1064 2080 1146 2144 Kbel
1168 2079 1266 2143 habet

59 2182 104 2247 ed
126 2182 247 2251 vitam.

169 2283 255 2353 Item
278 2286 374 2353 vinea
395 2303 492 2366 super
514 2286 750 2352 braseatorium
772 2287 968 2353 monasterii.

170 2388 254 2453 Item
277 2389 373 2454 vinos
394 2396 480 2454 retro
505 2391 625 2454 curiam
648 2392 682 2455 in
705 2395 813 2455 monte
836 2392 975 2455 Petrino.

170 2494 254 2559 Item
277 2493 371 2559 vinee
393 2498 469 2559 ente
490 2495 720 2559 monesterium
744 2500 928 2560 conventus.

171 2598 280 2662 Nota
303 2597 452 2663 vineas
473 2598 518 2662 in
539 2599 712 2662 Bruske.

170 2701 253 2767 Item
275 2699 370 2767 vinea
391 2701 517 2765 Bruska
539 2719 610 2766 cum
633 2703 727 2766 domo
751 2702 897 2766 vinitoris
921 2707 954 2765 et
975 2702 1152 2767 humuleto.

172 2805 256 2869 Item
278 2803 373 2869 vinee
395 2805 472 2870 olim
494 2805 675 2887 Krychonis
706 2824 745 2869 ex
778 2807 926 2887 opposito
961 2807 1059 2870 castri
1092 2804 1264 2884 Pragensis

10 2962 12 2983 ,
66 2913 100 2971 et
124 2907 158 2973 S.
182 2907 352 2972 Adalberti
373 2908 408 2972 in
430 2908 652 2974 Pohorzelecz.

10 3006 12 3105 i
171 3013 256 3077 Item
277 3010 372 3079 vinea
393 3016 507 3077 contro
528 3012 738 3077 Traessouicz
761 3014 949 3078 custodiatis
972 3031 1044 3077 cum
1067 3011 1199 3076 robotis.

171 3114 255 3179 Item
271 3115 364 3179 vinea
375 3115 555 3181 Weissonis
572 3116 657 3197 olym
672 3117 712 3180 de
723 3117 945 3199 Trzessouicz‚
961 3135 1058 3199 quem
1077 3117 1119 3180 sd
1133 3132 1266 3195 presens

10 3262 13 3329 ἲ
67 3216 226 3301 magister
248 3218 351 3283 Adam
375 3219 415 3282 ad
438 3219 538 3283 vitam
560 3224 658 3285 tenet.
