2894 4890
177 259 240 323 nis

171 462 281 529 ventui
304 462 478 544 sepedictis
500 463 588 527 omni
610 462 667 528 lite
688 464 845 541 cessante,
883 460 958 527 aliis
981 478 1054 525 vero
1078 457 1208 525 casibus
1229 455 1413 540 umbriae?-

170 585 307 649 cnmqne
328 586 386 633 seu
408 569 576 635 eventibus
599 567 730 634 omnino
752 565 900 633 exclusis.
946 564 1097 630 Preterea
1119 563 1148 628 01
1170 554 1413 644 procedentem}

168 677 312 754 tempore
336 690 396 754 ego
416 671 614 738 l’heodricus
635 671 688 737 vel
708 670 774 735 mei
794 669 931 735 heredes
952 667 1179 752 prenominata
1199 667 1285 732 bona
1304 668 1413 730 seur:

171 775 311 858 aliquam
333 781 458 858 partem
480 777 622 858 ipsorum
645 776 785 841 vendere
807 779 980 855 antequam
1004 772 1211 851 voluerimus,
1235 768 1413 835 dominon:

171 880 281 948 abbati
304 885 338 946 01
360 882 531 948 conventui
552 880 718 962 premissis
740 878 830 961 prius
845 877 997 943 exhibere
1018 876 1172 941 debemus
1195 874 1238 939 ed
1258 882 1396 969 emen-³¹:

169 984 256 1066 dnm,
287 986 371 1067 quod
404 986 433 1051 si
454 983 539 1050 inira
570 989 637 1049 1000
672 983 869 1065 septimanas
901 997 1009 1047 emere
1041 998 1106 1045 non
1135 976 1282 1060 poterint
1305 986 1413 1051 00010

169 1089 399 1169 recusaverint,
421 1089 493 1169 ipsa
515 1089 600 1155 bona
621 1088 703 1154 nulli
728 1086 854 1168 potenti
875 1084 987 1165 nobili,
1010 1083 1067 1150 sed
1088 1080 1183 1148 nobis
1204 1078 1365 1146 similibus
1392 1083 1413 1149 'r

169 1193 221 1256 vel
244 1191 367 1258 colonis
388 1191 510 1257 ibidem
532 1191 750 1258 residentibus
777 1208 835 1257 sea
856 1188 1000 1255 residere
1021 1183 1204 1252 volentibus
1226 1183 1365 1251 vendere
1395 1190 1406 1253 '2

170 1295 291 1375 licebit,
314 1313 334 1359 a
356 1294 475 1374 quibus
497 1313 630 1361 censum
663 1299 697 1360 01
729 1294 794 1361 alia
821 1293 897 1377 jura
928 1292 1078 1359 dominus
1111 1289 1212 1357 abbas
1235 1291 1272 1352 et
1292 1304 1367 1353 eon·
1380 1316 1413 1361 ,0

170 1403 286 1464 000100
307 1398 445 1481 predicti
463 1397 586 1481 absque
609 1396 826 1486 di[l]ficultate
845 1403 879 1463 et
899 1394 1081 1480 gravamine
1103 1392 1234 1475 exigere
1256 1409 1297 1457 ac
1317 1408 1367 1455 re

171 1503 298 1586 quirere
313 1504 443 1567 valeant
457 1521 529 1567 cum
544 1504 664 1585 quiete,
686 1505 735 1569 ita
747 1504 923 1584 dumtaxat,
944 1497 1056 1588 [quod]
1071 1497 1138 1580 ille,
1160 1495 1218 1578 qui
1233 1494 1370 1576 0101000

170 1605 256 1671 bona
276 1606 401 1686 emerit,
425 1625 445 1669 a
466 1607 595 1672 domino
618 1607 736 1674 abbate
770 1611 803 1672 et
825 1609 985 1675 conventu
1008 1601 1187 1686 prehabitis
1208 1599 1375 1682 suscipiat

173 1715 207 1776 et
228 1710 404 1793 possideat,
427 1710 516 1775 salvo
538 1710 572 1776 in
596 1712 746 1780 omnibus
768 1711 842 1794 jure
863 1711 1007 1793 ipsomm
1029 1712 1064 1774 01
1086 1724 1195 1774 censu.
1239 1704 1288 1771 Ut
1308 1704 1369 1769 hec

174 1819 281 1880 autem
304 1814 412 1881 omnia
433 1820 468 1880 et
488 1814 616 1898 singula
631 1817 778 1899 superius
793 1833 947 1898 expressa
968 1813 1003 1877 in
1026 1829 1083 1878 suo
1105 1811 1216 1894 vigore
1238 1811 1275 1875 in
1296 1825 1388 1890 per·-

97 1968 102 1978 .
142 1948 160 1978 0.
176 1923 309 2001 petuum
330 1915 547 2002 perseverent,
570 1925 753 2002 presentem
775 1919 927 2002 paginam
947 1916 1078 1983 domino
1101 1913 1212 1981 abbati
1234 1911 1386 1978 suane·

174 2022 286 2088 wiensi
308 2040 347 2087 ac
368 2024 541 2088 conventui
563 2023 707 2090 eiusdem
730 2024 878 2091 dedimus
912 2019 1020 2102 sigillo
1043 2018 1185 2084 civitatis
1207 2015 1371 2082 Lunensis

175 2145 212 2191 ac
234 2122 305 2191 meo
328 2126 462 2207 speciali
484 2126 590 2208 sigillo
612 2127 806 2193 roboratam.
835 2125 916 2191 Acta
937 2127 1013 2188 0001
1034 2119 1093 2188 hec
1113 2119 1149 2187 in
1171 2118 1372 2187 monasterio

176 2229 311 2296 ecclesie
325 2228 446 2294 Montis
462 2228 557 2312 Syon,
574 2248 637 2313 que
652 2235 687 2296 01
699 2229 845 2296 Strahov
858 2226 986 2306 dicitur,
1002 2244 1086 2295 anno
1101 2224 1224 2291 domini
1237 2220 1372 2288 M⁰coc

175 2333 384 2400 nonodecimo
406 2333 440 2398 in
462 2331 546 2399 10010
569 2332 601 2399 S.
625 2333 721 2401 Galli.

279 2505 393 2575 Villa
414 2507 643 2591 Kraewycz.

204 2644 207 2689 ³
235 2689 238 2695 -
279 2645 360 2713 Item
377 2646 498 2711 ibidem
517 2651 594 2712 sunt
610 2647 650 2713 16
664 2646 861 2713 hereditates
877 2646 1039 2712 solventes
1057 2644 1164 2710 minus
1181 2643 1199 2710 1
1217 2639 1372 2726 quartali,

178 2749 319 2830 exceptis
343 2750 422 2814 ortIs
445 2753 479 2815 et
500 2751 620 2832 pratis3
650 2751 745 2816 etde
776 2749 922 2832 qualibet
943 2748 1124 2814 hereditate
1145 2747 1313 2831 profesto
1336 2747 1370 2813 S.

178 2845 271 2919 Galli
286 2852 415 2919 solvunt
438 2854 479 2917 14
501 2871 547 2935 gr.
572 2860 605 2919 et
626 2855 762 2921 totidem
791 2872 849 2936 pro
872 2854 956 2918 festo
978 2853 1010 2920 S.
1032 2852 1177 2934 Georgii.
1223 2852 1308 2917 Item
1330 2851 1372 2915 de

177 2956 323 3039 qualibet
343 2957 523 3023 hereditate
546 2959 677 3024 solvunt
698 2976 756 3040 per
783 2959 804 3023 6
827 2958 933 3040 pullos
967 2957 1052 3023 circa
1072 2946 1191 3022 festum
1213 2953 1245 3020 S.
1270 2954 1370 3021 Galli.

176 3063 259 3127 Item
280 3064 409 3128 solvunt
430 3062 470 3127 de
494 3063 640 3145 qualibet
660 3063 840 3128 hereditate
863 3079 921 3143 per
942 3058 987 3126 10
1004 3080 1065 3126 000
1088 3059 1173 3127 01000
1194 3057 1316 3124 festum
1338 3057 1372 3125 S.

179 3164 320 3248 Georgii.
365 3167 446 3230 Item
479 3166 611 3232 solvunt
642 3164 902 3231 contribnciones
933 3183 1006 3231 cum
1034 3165 1134 3230 berna
1163 3163 1309 3245 generali
1330 3162 1373 3227 ad

177 3262 364 3334 mandatum
396 3269 518 3333 domini
551 3269 686 3335 abbatis.
732 3271 813 3335 Item
836 3270 964 3334 solvunt
997 3268 1146 3333 denarios
1169 3265 1309 3333 iurnales
1331 3266 1375 3331 de

179 3371 322 3452 qualibet
350 3371 531 3437 hereditate
561 3391 619 3453 000
655 3372 687 3458 ¹),
713 3392 759 3455 gr.
804 3374 888 3437 Item
916 3371 1036 3436 debent
1068 3375 1190 3437 metere
1210 3371 1316 3437 simul
1339 3374 1375 3436 et

179 3475 373 3542 coniunctim
395 3493 454 3556 pro
488 3475 578 3541 curia
609 3476 730 3542 ibidem
762 3477 803 3541 de
832 3496 897 3543 uns
927 3480 1075 3542 erratura
1097 3472 1185 3541 curlo
1208 3472 1318 3540 omnia
1339 3477 1375 3538 et

178 3579 306 3660 singula
326 3578 460 3660 semina,
485 3583 551 3644 tam
565 3579 704 3663 yemalia
726 3598 821 3661 quam
845 3580 1003 3661 estivalis,
1027 3579 1069 3644 ad
1089 3578 1276 3644 mandatum
1299 3596 1374 3659 pro-

179 3680 346 3751 curatoris.
369 3685 454 3748 Item
470 3683 589 3749 dehent
602 3680 711 3749 fenum
727 3684 891 3750 cumulare
906 3687 941 3749 et
956 3677 1174 3768 ex[s]ic[c]are
1190 3681 1231 3747 de
1246 3681 1375 3749 duobus

179 3789 282 3872 pratis
304 3805 428 3854 necnon
450 3791 484 3851 01
506 3786 548 3852 ad
570 3787 692 3852 curiam
726 3787 842 3854 ducere
876 3790 910 3852 et
939 3798 1130 3869 componere
1152 3786 1194 3850 ad
1215 3802 1375 3852 acervum

180 3894 221 3958 ad
242 3886 428 3959 mandatum
451 3891 677 3976 procuratoris.
723 3891 805 3957 Item
826 3889 949 3958 ibidem
983 3894 1032 3954 001
1064 3906 1164 3956 unum
1194 3892 1310 3964 ortum,
1332 3890 1375 3954 de

180 4013 243 4078 quo
267 3998 395 4082 solvunt
417 3999 458 4062 12
481 4014 539 4079 gr,
574 4015 632 4079 000
664 3995 747 4062 10010
782 3996 813 4063 S.
838 3994 924 4061 Galli
958 3995 1046 4077 dgr.
1081 3997 1115 4058 et
1147 3991 1284 4060 totidem
1315 4011 1376 4077 pro

180 4100 262 4167 festo
285 4099 317 4166 S.
335 4096 477 4183 Georgii.
500 4098 582 4165 Item
604 4100 725 4166 ibidem
748 4105 800 4166 001
821 4117 922 4166 unum
940 4101 1079 4182 pratum,
1104 4096 1144 4161 de
1160 4114 1223 4178 quo
1245 4098 1379 4164 solvunt

181 4205 317 4286 singulis
340 4206 432 4271 annis
455 4223 513 4286 000
537 4204 620 4269 10010
644 4203 674 4268 S.
700 4198 787 4269 Galli
810 4205 906 4269 simul
939 4208 974 4269 et
1003 4201 1101 4268 semel
1137 4202 1177 4266 14
1199 4199 1276 4285 [gn]
1299 4206 1333 4266 et
1354 4202 1377 4266 4

180 4311 294 4389 pullos.
319 4308 401 4375 Item
416 4308 537 4375 ibidem
553 4313 604 4373 est
623 4326 687 4372 una
702 4306 792 4371 curia
806 4309 890 4373 bona
905 4326 976 4373 cum
991 4324 1057 4371 una
1073 4308 1213 4371 aratura.
1236 4304 1282 4369 Et
1296 4304 1378 4370 dicti

180 4412 265 4493 layci
288 4431 358 4477 cnm
380 4413 535 4493 predictis
549 4409 784 4476 hereditatibus
797 4410 919 4476 habent
937 4411 991 4491 ius
1006 4410 1184 4476 boemicale
1207 4413 1241 4475 01
1261 4413 1377 4474 100001

75 4603 79 4612 Ι
180 4515 376 4579 hereditates
398 4516 569 4595 predictas,
592 4518 690 4594 prout
706 4512 845 4579 inferius
867 4513 1057 4580 continetur.

982 4830 1102 4866 -s
