<?xml version="1.0" encoding="UTF-8"?>
<!DOCTYPE html PUBLIC "-//W3C//DTD XHTML 1.0 Transitional//EN"
    "http://www.w3.org/TR/xhtml1/DTD/xhtml1-transitional.dtd">
<html xmlns="http://www.w3.org/1999/xhtml" xml:lang="en" lang="en">
 <head>
  <title>
</title>
<meta http-equiv="Content-Type" content="text/html;charset=utf-8" />
  <meta name='ocr-system' content='tesseract 3.04.00' />
  <meta name='ocr-capabilities' content='ocr_page ocr_carea ocr_par ocr_line ocrx_word'/>
</head>
<body>
  <div class='ocr_page' id='page_1' title='image "./decemregistrace00emlegoog/decemregistrace00emlegoog_0296.png"; bbox 0 0 2910 4896; ppageno 0'>
   <div class='ocr_carea' id='block_1_1' title="bbox 1204 107 1267 171">
    <p class='ocr_par' dir='ltr' id='par_1_1' title="bbox 1204 107 1267 171">
     <span class='ocr_line' id='line_1_1' title="bbox 1204 107 1267 171; baseline 0 0"><span class='ocrx_word' id='word_1_1' title='bbox 1204 107 1267 171; x_wconf 73' lang='lat' dir='ltr'>ait</span> 
     </span>
    </p>
   </div>
   <div class='ocr_carea' id='block_1_2' title="bbox 42 301 1363 4431">
    <p class='ocr_par' dir='ltr' id='par_1_2' title="bbox 42 301 1363 4431">
     <span class='ocr_line' id='line_1_2' title="bbox 42 301 1270 395; baseline 0.006 -22"><span class='ocrx_word' id='word_1_2' title='bbox 42 301 65 363; x_wconf 75' lang='grc' dir='ltr'>ῐ-</span> <span class='ocrx_word' id='word_1_3' title='bbox 101 308 149 375; x_wconf 88' lang='lat' dir='ltr'>noi</span> <span class='ocrx_word' id='word_1_4' title='bbox 165 310 297 378; x_wconf 86' lang='lat' dir='ltr'>liaredes</span> <span class='ocrx_word' id='word_1_5' title='bbox 317 327 458 376; x_wconf 79' lang='lat' dir='ltr'>mmcam</span> <span class='ocrx_word' id='word_1_6' title='bbox 490 313 566 393; x_wconf 87' lang='lat' dir='ltr'>puri</span> <span class='ocrx_word' id='word_1_7' title='bbox 587 314 713 394; x_wconf 79' lang='lat' dir='ltr'>argenti</span> <span class='ocrx_word' id='word_1_8' title='bbox 739 311 915 394; x_wconf 88' lang='lat' dir='ltr'>Pragcnsis</span> <span class='ocrx_word' id='word_1_9' title='bbox 941 311 1093 393; x_wconf 75' lang='lat' dir='ltr'>pondera</span> <span class='ocrx_word' id='word_1_10' title='bbox 1125 313 1270 395; x_wconf 84' lang='lat' dir='ltr'>predicto</span> 
     </span>
     <span class='ocr_line' id='line_1_3' title="bbox 42 406 1270 497; baseline 0.004 -20"><span class='ocrx_word' id='word_1_11' title='bbox 42 406 49 452; x_wconf 86' lang='lat'>&#39;·</span> <span class='ocrx_word' id='word_1_12' title='bbox 100 416 270 481; x_wconf 80' lang='grc'><strong>1111111111</strong></span> <span class='ocrx_word' id='word_1_13' title='bbox 304 415 428 481; x_wconf 87' lang='lat' dir='ltr'>solvere</span> <span class='ocrx_word' id='word_1_14' title='bbox 457 415 632 481; x_wconf 81' lang='lat' dir='ltr'><strong>debeamus</strong></span> <span class='ocrx_word' id='word_1_15' title='bbox 661 416 921 483; x_wconf 73' lang='lat' dir='ltr'>conmadiccione</span> <span class='ocrx_word' id='word_1_16' title='bbox 952 417 1097 497; x_wconf 89' lang='lat' dir='ltr'>qualibet</span> <span class='ocrx_word' id='word_1_17' title='bbox 1126 436 1190 483; x_wconf 94' lang='lat' dir='ltr'>non</span> <span class='ocrx_word' id='word_1_18' title='bbox 1214 417 1270 483; x_wconf 87' lang='lat' dir='ltr'>ob-</span> 
     </span>
     <span class='ocr_line' id='line_1_4' title="bbox 99 515 1271 601; baseline 0.005 -21"><span class='ocrx_word' id='word_1_19' title='bbox 99 520 190 583; x_wconf 84' lang='lat' dir='ltr'>stante.</span> <span class='ocrx_word' id='word_1_20' title='bbox 235 517 330 594; x_wconf 81' lang='lat' dir='ltr'>Quod</span> <span class='ocrx_word' id='word_1_21' title='bbox 359 518 389 583; x_wconf 92' lang='lat' dir='ltr'>si</span> <span class='ocrx_word' id='word_1_22' title='bbox 420 515 455 584; x_wconf 93' lang='lat' dir='ltr'>in</span> <span class='ocrx_word' id='word_1_23' title='bbox 488 519 634 585; x_wconf 89' lang='lat' dir='ltr'>terminis</span> <span class='ocrx_word' id='word_1_24' title='bbox 658 519 837 601; x_wconf 76' lang='lat' dir='ltr'>prenotatis</span> <span class='ocrx_word' id='word_1_25' title='bbox 870 516 930 601; x_wconf 87' lang='lat' dir='ltr'>ego</span> <span class='ocrx_word' id='word_1_26' title='bbox 965 520 1015 585; x_wconf 90' lang='lat' dir='ltr'>vel</span> <span class='ocrx_word' id='word_1_27' title='bbox 1048 522 1113 586; x_wconf 92' lang='lat' dir='ltr'>mei</span> <span class='ocrx_word' id='word_1_28' title='bbox 1134 521 1271 587; x_wconf 87' lang='lat' dir='ltr'>heredes</span> 
     </span>
     <span class='ocr_line' id='line_1_5' title="bbox 43 624 1272 706; baseline 0.002 -19"><span class='ocrx_word' id='word_1_29' title='bbox 43 626 47 631; x_wconf 86' lang='lat'>&#39;</span> <span class='ocrx_word' id='word_1_30' title='bbox 100 636 207 687; x_wconf 81' lang='lat' dir='ltr'>essum</span> <span class='ocrx_word' id='word_1_31' title='bbox 238 626 419 704; x_wconf 84' lang='lat' dir='ltr'>protectum</span> <span class='ocrx_word' id='word_1_32' title='bbox 448 628 623 690; x_wconf 85' lang='lat' dir='ltr'>memorato</span> <span class='ocrx_word' id='word_1_33' title='bbox 655 624 852 691; x_wconf 89' lang='lat' dir='ltr'>monasterio</span> <span class='ocrx_word' id='word_1_34' title='bbox 880 642 944 688; x_wconf 94' lang='lat' dir='ltr'>non</span> <span class='ocrx_word' id='word_1_35' title='bbox 977 624 1168 690; x_wconf 78' lang='lat' dir='ltr'><strong>solverimus</strong></span> <span class='ocrx_word' id='word_1_36' title='bbox 1196 627 1272 706; x_wconf 89' lang='lat' dir='ltr'>post</span> 
     </span>
     <span class='ocr_line' id='line_1_6' title="bbox 42 724 1269 809; baseline 0.006 -22"><span class='ocrx_word' id='word_1_37' title='bbox 42 724 44 731; x_wconf 90' lang='lat'>&#39;</span> <span class='ocrx_word' id='word_1_38' title='bbox 99 724 199 791; x_wconf 81' lang='lat' dir='ltr'>idios</span> <span class='ocrx_word' id='word_1_39' title='bbox 230 726 408 793; x_wconf 88' lang='lat' dir='ltr'>inmediatc</span> <span class='ocrx_word' id='word_1_40' title='bbox 429 732 611 809; x_wconf 77' lang='lat' dir='ltr'>sequentes,</span> <span class='ocrx_word' id='word_1_41' title='bbox 645 727 679 792; x_wconf 91' lang='lat' dir='ltr'>in</span> <span class='ocrx_word' id='word_1_42' title='bbox 715 747 780 792; x_wconf 88' lang='lat' dir='ltr'>una</span> <span class='ocrx_word' id='word_1_43' title='bbox 815 745 924 793; x_wconf 87' lang='lat' dir='ltr'>marca</span> <span class='ocrx_word' id='word_1_44' title='bbox 960 728 1105 793; x_wconf 90' lang='lat' dir='ltr'>censuali</span> <span class='ocrx_word' id='word_1_45' title='bbox 1140 727 1269 794; x_wconf 89' lang='lat' dir='ltr'>nomine</span> 
     </span>
     <span class='ocr_line' id='line_1_7' title="bbox 96 830 1269 912; baseline 0.001 -17"><span class='ocrx_word' id='word_1_46' title='bbox 96 844 157 907; x_wconf 85' lang='lat' dir='ltr'>poue</span> <span class='ocrx_word' id='word_1_47' title='bbox 176 830 346 912; x_wconf 77' lang='lat' dir='ltr'>prehabito</span> <span class='ocrx_word' id='word_1_48' title='bbox 368 833 564 897; x_wconf 86' lang='lat' dir='ltr'>monasterio</span> <span class='ocrx_word' id='word_1_49' title='bbox 587 832 708 898; x_wconf 68' lang='lat' dir='ltr'>eamus</span> <span class='ocrx_word' id='word_1_50' title='bbox 737 832 872 912; x_wconf 88' lang='lat' dir='ltr'>obligati</span> <span class='ocrx_word' id='word_1_51' title='bbox 902 832 989 895; x_wconf 91' lang='lat' dir='ltr'>omni</span> <span class='ocrx_word' id='word_1_52' title='bbox 1010 830 1269 898; x_wconf 83' lang='lat' dir='ltr'>contradictione</span> 
     </span>
     <span class='ocr_line' id='line_1_8' title="bbox 42 933 1269 1016; baseline 0 -17"><span class='ocrx_word' id='word_1_53' title='bbox 42 942 44 949; x_wconf 89' lang='lat'>&#39;</span> <span class='ocrx_word' id='word_1_54' title='bbox 98 938 240 1015; x_wconf 59' lang='lat' dir='ltr'>tamenim</span> <span class='ocrx_word' id='word_1_55' title='bbox 274 938 309 999; x_wconf 92' lang='lat' dir='ltr'>ct</span> <span class='ocrx_word' id='word_1_56' title='bbox 337 934 472 999; x_wconf 86' lang='lat' dir='ltr'>siinira</span> <span class='ocrx_word' id='word_1_57' title='bbox 496 935 537 999; x_wconf 83' lang='lat'>14</span> <span class='ocrx_word' id='word_1_58' title='bbox 558 934 628 1000; x_wconf 93' lang='lat' dir='ltr'>dies</span> <span class='ocrx_word' id='word_1_59' title='bbox 650 933 826 999; x_wconf 85' lang='lat' dir='ltr'>immediate</span> <span class='ocrx_word' id='word_1_60' title='bbox 849 938 1020 1014; x_wconf 88' lang='lat' dir='ltr'>sequentes</span> <span class='ocrx_word' id='word_1_61' title='bbox 1043 952 1173 1001; x_wconf 90' lang='lat' dir='ltr'>censum</span> <span class='ocrx_word' id='word_1_62' title='bbox 1196 953 1269 1016; x_wconf 87' lang='lat' dir='ltr'>pre·</span> 
     </span>
     <span class='ocr_line' id='line_1_9' title="bbox 96 1034 1363 1120; baseline -0.002 -19"><span class='ocrx_word' id='word_1_63' title='bbox 96 1034 210 1103; x_wconf 83' lang='lat' dir='ltr'>italum</span> <span class='ocrx_word' id='word_1_64' title='bbox 230 1056 297 1104; x_wconf 90' lang='lat' dir='ltr'>non</span> <span class='ocrx_word' id='word_1_65' title='bbox 319 1039 519 1120; x_wconf 85' lang='lat' dir='ltr'>solverimus,</span> <span class='ocrx_word' id='word_1_66' title='bbox 550 1038 584 1103; x_wconf 92' lang='lat' dir='ltr'>in</span> <span class='ocrx_word' id='word_1_67' title='bbox 615 1037 738 1103; x_wconf 86' lang='lat' dir='ltr'>duabus</span> <span class='ocrx_word' id='word_1_68' title='bbox 771 1039 888 1103; x_wconf 90' lang='lat' dir='ltr'>marcis</span> <span class='ocrx_word' id='word_1_69' title='bbox 912 1038 1116 1105; x_wconf 89' lang='lat' dir='ltr'>censualibus</span> <span class='ocrx_word' id='word_1_70' title='bbox 1137 1039 1363 1107; x_wconf 69' lang='lat' dir='ltr'>nominemus.</span> 
     </span>
     <span class='ocr_line' id='line_1_10' title="bbox 96 1140 1271 1223; baseline -0.001 -16"><span class='ocrx_word' id='word_1_71' title='bbox 96 1154 156 1216; x_wconf 82' lang='lat' dir='ltr'>pene</span> <span class='ocrx_word' id='word_1_72' title='bbox 169 1141 316 1223; x_wconf 88' lang='lat' dir='ltr'>predicto</span> <span class='ocrx_word' id='word_1_73' title='bbox 330 1143 526 1209; x_wconf 84' lang='lat' dir='ltr'>monasterio</span> <span class='ocrx_word' id='word_1_74' title='bbox 545 1142 664 1207; x_wconf 87' lang='lat' dir='ltr'>erimus</span> <span class='ocrx_word' id='word_1_75' title='bbox 679 1141 831 1207; x_wconf 87' lang='lat' dir='ltr'>similiter</span> <span class='ocrx_word' id='word_1_76' title='bbox 849 1140 993 1222; x_wconf 86' lang='lat' dir='ltr'>obligati.</span> <span class='ocrx_word' id='word_1_77' title='bbox 1015 1142 1058 1206; x_wconf 85' lang='lat' dir='ltr'>Et</span> <span class='ocrx_word' id='word_1_78' title='bbox 1073 1143 1104 1208; x_wconf 90' lang='lat' dir='ltr'>si</span> <span class='ocrx_word' id='word_1_79' title='bbox 1119 1142 1154 1207; x_wconf 91' lang='lat' dir='ltr'>in</span> <span class='ocrx_word' id='word_1_80' title='bbox 1169 1142 1271 1207; x_wconf 86' lang='lat' dir='ltr'>tercia</span> 
     </span>
     <span class='ocr_line' id='line_1_11' title="bbox 96 1242 1270 1328; baseline 0.006 -24"><span class='ocrx_word' id='word_1_81' title='bbox 96 1242 254 1313; x_wconf 84' lang='lat' dir='ltr'>ebdomada</span> <span class='ocrx_word' id='word_1_82' title='bbox 276 1263 408 1311; x_wconf 89' lang='lat' dir='ltr'>censum</span> <span class='ocrx_word' id='word_1_83' title='bbox 430 1246 688 1327; x_wconf 88' lang='lat' dir='ltr'>prenominatum</span> <span class='ocrx_word' id='word_1_84' title='bbox 711 1263 784 1311; x_wconf 91' lang='lat' dir='ltr'>cum</span> <span class='ocrx_word' id='word_1_85' title='bbox 806 1244 899 1326; x_wconf 90' lang='lat' dir='ltr'>penis</span> <span class='ocrx_word' id='word_1_86' title='bbox 917 1245 1083 1326; x_wconf 87' lang='lat' dir='ltr'>premissis</span> <span class='ocrx_word' id='word_1_87' title='bbox 1106 1247 1270 1328; x_wconf 89' lang='lat' dir='ltr'>sepedicto</span> 
     </span>
     <span class='ocr_line' id='line_1_12' title="bbox 97 1348 1270 1431; baseline 0.003 -20"><span class='ocrx_word' id='word_1_88' title='bbox 97 1349 272 1416; x_wconf 82' lang='lat' dir='ltr'>umastcrio</span> <span class='ocrx_word' id='word_1_89' title='bbox 294 1367 355 1431; x_wconf 84' lang='lat' dir='ltr'>ego</span> <span class='ocrx_word' id='word_1_90' title='bbox 377 1349 430 1415; x_wconf 83' lang='lat' dir='ltr'>vel</span> <span class='ocrx_word' id='word_1_91' title='bbox 451 1350 515 1415; x_wconf 91' lang='lat' dir='ltr'>mei</span> <span class='ocrx_word' id='word_1_92' title='bbox 537 1348 673 1415; x_wconf 87' lang='lat' dir='ltr'>heredes</span> <span class='ocrx_word' id='word_1_93' title='bbox 690 1349 816 1416; x_wconf 82' lang='lat' dir='ltr'>soluere</span> <span class='ocrx_word' id='word_1_94' title='bbox 837 1348 1084 1430; x_wconf 81' lang='lat' dir='ltr'>neglexerimus,</span> <span class='ocrx_word' id='word_1_95' title='bbox 1107 1351 1143 1415; x_wconf 91' lang='lat' dir='ltr'>in</span> <span class='ocrx_word' id='word_1_96' title='bbox 1165 1349 1270 1414; x_wconf 87' lang='lat' dir='ltr'>tribus</span> 
     </span>
     <span class='ocr_line' id='line_1_13' title="bbox 96 1451 1269 1534; baseline 0.002 -19"><span class='ocrx_word' id='word_1_97' title='bbox 96 1453 192 1519; x_wconf 80' lang='lat' dir='ltr'>marcis</span> <span class='ocrx_word' id='word_1_98' title='bbox 221 1452 428 1519; x_wconf 77' lang='lat' dir='ltr'>censualibus</span> <span class='ocrx_word' id='word_1_99' title='bbox 459 1452 588 1517; x_wconf 89' lang='lat' dir='ltr'>nomine</span> <span class='ocrx_word' id='word_1_100' title='bbox 618 1470 700 1533; x_wconf 92' lang='lat' dir='ltr'>pene</span> <span class='ocrx_word' id='word_1_101' title='bbox 723 1452 843 1517; x_wconf 90' lang='lat' dir='ltr'>erimus</span> <span class='ocrx_word' id='word_1_102' title='bbox 873 1451 1101 1519; x_wconf 80' lang='lat' dir='ltr'>nichilominus</span> <span class='ocrx_word' id='word_1_103' title='bbox 1124 1452 1269 1534; x_wconf 84' lang='lat' dir='ltr'>sepefato</span> 
     </span>
     <span class='ocr_line' id='line_1_14' title="bbox 44 1554 1269 1638; baseline 0.003 -21"><span class='ocrx_word' id='word_1_104' title='bbox 44 1614 48 1631; x_wconf 90' lang='grc'>,</span> <span class='ocrx_word' id='word_1_105' title='bbox 95 1557 268 1623; x_wconf 68' lang='lat' dir='ltr'>mommerlo</span> <span class='ocrx_word' id='word_1_106' title='bbox 291 1556 427 1638; x_wconf 86' lang='lat' dir='ltr'>obligati</span> <span class='ocrx_word' id='word_1_107' title='bbox 442 1556 662 1622; x_wconf 86' lang='lat' dir='ltr'>controversia</span> <span class='ocrx_word' id='word_1_108' title='bbox 676 1556 822 1636; x_wconf 89' lang='lat' dir='ltr'>qualibet</span> <span class='ocrx_word' id='word_1_109' title='bbox 836 1574 900 1621; x_wconf 91' lang='lat' dir='ltr'>non</span> <span class='ocrx_word' id='word_1_110' title='bbox 915 1554 1071 1622; x_wconf 83' lang='lat' dir='ltr'>obstante.</span> <span class='ocrx_word' id='word_1_111' title='bbox 1094 1557 1139 1621; x_wconf 85' lang='lat' dir='ltr'>Et</span> <span class='ocrx_word' id='word_1_112' title='bbox 1152 1559 1269 1621; x_wconf 86' lang='lat' dir='ltr'>extunc</span> 
     </span>
     <span class='ocr_line' id='line_1_15' title="bbox 44 1652 1268 1741; baseline 0.002 -20"><span class='ocrx_word' id='word_1_113' title='bbox 44 1652 49 1697; x_wconf 68' lang='lat'>⁵</span> <span class='ocrx_word' id='word_1_114' title='bbox 95 1656 224 1726; x_wconf 88' lang='lat' dir='ltr'>doninus</span> <span class='ocrx_word' id='word_1_115' title='bbox 248 1658 358 1725; x_wconf 80' lang='lat' dir='ltr'>abbas</span> <span class='ocrx_word' id='word_1_116' title='bbox 391 1664 426 1725; x_wconf 88' lang='lat' dir='ltr'>et</span> <span class='ocrx_word' id='word_1_117' title='bbox 458 1663 633 1725; x_wconf 85' lang='lat' dir='ltr'>conventus</span> <span class='ocrx_word' id='word_1_118' title='bbox 662 1658 824 1740; x_wconf 89' lang='lat' dir='ltr'>probabiti</span> <span class='ocrx_word' id='word_1_119' title='bbox 857 1660 923 1723; x_wconf 89' lang='lat' dir='ltr'>tam</span> <span class='ocrx_word' id='word_1_120' title='bbox 956 1659 991 1725; x_wconf 90' lang='lat' dir='ltr'>in</span> <span class='ocrx_word' id='word_1_121' title='bbox 1024 1659 1092 1725; x_wconf 91' lang='lat' dir='ltr'>suis</span> <span class='ocrx_word' id='word_1_122' title='bbox 1115 1676 1211 1741; x_wconf 86' lang='lat' dir='ltr'>quam</span> <span class='ocrx_word' id='word_1_123' title='bbox 1233 1658 1268 1724; x_wconf 92' lang='lat' dir='ltr'>in</span> 
     </span>
     <span class='ocr_line' id='line_1_16' title="bbox 95 1761 1269 1844; baseline -0.003 -15"><span class='ocrx_word' id='word_1_124' title='bbox 95 1763 323 1844; x_wconf 73' lang='grc'><strong>1111111111,</strong></span> <span class='ocrx_word' id='word_1_125' title='bbox 347 1766 414 1829; x_wconf 86' lang='lat' dir='ltr'>tam</span> <span class='ocrx_word' id='word_1_126' title='bbox 428 1779 487 1843; x_wconf 92' lang='lat' dir='ltr'>pro</span> <span class='ocrx_word' id='word_1_127' title='bbox 509 1780 607 1828; x_wconf 88' lang='lat' dir='ltr'>censu</span> <span class='ocrx_word' id='word_1_128' title='bbox 630 1780 729 1844; x_wconf 88' lang='lat' dir='ltr'>quam</span> <span class='ocrx_word' id='word_1_129' title='bbox 742 1782 800 1843; x_wconf 92' lang='lat' dir='ltr'>pro</span> <span class='ocrx_word' id='word_1_130' title='bbox 822 1762 914 1843; x_wconf 93' lang='lat' dir='ltr'>penis</span> <span class='ocrx_word' id='word_1_131' title='bbox 935 1761 1101 1843; x_wconf 83' lang='lat' dir='ltr'>premissis</span> <span class='ocrx_word' id='word_1_132' title='bbox 1121 1762 1269 1844; x_wconf 83' lang='lat' dir='ltr'>inpigno-</span> 
     </span>
     <span class='ocr_line' id='line_1_17' title="bbox 93 1864 1268 1933; baseline 0 -2"><span class='ocrx_word' id='word_1_133' title='bbox 93 1865 166 1931; x_wconf 87' lang='lat' dir='ltr'>rmdi</span> <span class='ocrx_word' id='word_1_134' title='bbox 184 1866 353 1933; x_wconf 84' lang='lat' dir='ltr'>habebunt</span> <span class='ocrx_word' id='word_1_135' title='bbox 365 1867 579 1933; x_wconf 91' lang='lat' dir='ltr'>omnimodam</span> <span class='ocrx_word' id='word_1_136' title='bbox 592 1864 778 1931; x_wconf 79' lang='lat' dir='ltr'>facultatem</span> <span class='ocrx_word' id='word_1_137' title='bbox 794 1866 882 1931; x_wconf 91' lang='lat' dir='ltr'>omni</span> <span class='ocrx_word' id='word_1_138' title='bbox 903 1865 961 1930; x_wconf 88' lang='lat' dir='ltr'>lite</span> <span class='ocrx_word' id='word_1_139' title='bbox 976 1884 1034 1932; x_wconf 93' lang='lat' dir='ltr'>seu</span> <span class='ocrx_word' id='word_1_140' title='bbox 1050 1866 1268 1933; x_wconf 86' lang='lat' dir='ltr'>controversia</span> 
     </span>
     <span class='ocr_line' id='line_1_18' title="bbox 93 1966 1268 2050; baseline 0 -15"><span class='ocrx_word' id='word_1_141' title='bbox 93 1970 282 2037; x_wconf 76' lang='lat' dir='ltr'>manuum.</span> <span class='ocrx_word' id='word_1_142' title='bbox 331 1966 367 2035; x_wconf 83' lang='lat' dir='ltr'>Si</span> <span class='ocrx_word' id='word_1_143' title='bbox 399 1973 507 2036; x_wconf 87' lang='lat' dir='ltr'>autem</span> <span class='ocrx_word' id='word_1_144' title='bbox 536 1967 622 2035; x_wconf 84' lang='lat' dir='ltr'>inira</span> <span class='ocrx_word' id='word_1_145' title='bbox 655 1968 735 2035; x_wconf 89' lang='lat' dir='ltr'>alias</span> <span class='ocrx_word' id='word_1_146' title='bbox 769 1969 1009 2050; x_wconf 84' lang='lat' dir='ltr'>3septimanas</span> <span class='ocrx_word' id='word_1_147' title='bbox 1042 1970 1268 2035; x_wconf 89' lang='lat' dir='ltr'>intermediatc</span> 
     </span>
     <span class='ocr_line' id='line_1_19' title="bbox 94 2072 1268 2157; baseline 0.005 -24"><span class='ocrx_word' id='word_1_148' title='bbox 94 2077 244 2152; x_wconf 80' lang='lat' dir='ltr'>sequentes</span> <span class='ocrx_word' id='word_1_149' title='bbox 265 2092 327 2156; x_wconf 86' lang='lat' dir='ltr'>ego</span> <span class='ocrx_word' id='word_1_150' title='bbox 349 2073 401 2139; x_wconf 83' lang='lat' dir='ltr'>uel</span> <span class='ocrx_word' id='word_1_151' title='bbox 421 2073 487 2139; x_wconf 92' lang='lat' dir='ltr'>mei</span> <span class='ocrx_word' id='word_1_152' title='bbox 508 2072 643 2139; x_wconf 89' lang='lat' dir='ltr'>heredes</span> <span class='ocrx_word' id='word_1_153' title='bbox 673 2091 804 2140; x_wconf 91' lang='lat' dir='ltr'>censum</span> <span class='ocrx_word' id='word_1_154' title='bbox 827 2092 899 2139; x_wconf 89' lang='lat' dir='ltr'>cum</span> <span class='ocrx_word' id='word_1_155' title='bbox 921 2074 1013 2154; x_wconf 91' lang='lat' dir='ltr'>penis</span> <span class='ocrx_word' id='word_1_156' title='bbox 1034 2074 1268 2157; x_wconf 88' lang='lat' dir='ltr'>prenominatis</span> 
     </span>
     <span class='ocr_line' id='line_1_20' title="bbox 93 2175 1266 2259; baseline 0.002 -18"><span class='ocrx_word' id='word_1_157' title='bbox 93 2176 216 2252; x_wconf 86' lang='lat' dir='ltr'>predicto</span> <span class='ocrx_word' id='word_1_158' title='bbox 238 2177 435 2243; x_wconf 89' lang='lat' dir='ltr'>monasterio</span> <span class='ocrx_word' id='word_1_159' title='bbox 458 2176 641 2259; x_wconf 85' lang='lat' dir='ltr'>persoluere</span> <span class='ocrx_word' id='word_1_160' title='bbox 661 2177 789 2243; x_wconf 89' lang='lat' dir='ltr'>desides</span> <span class='ocrx_word' id='word_1_161' title='bbox 811 2175 968 2242; x_wconf 83' lang='lat' dir='ltr'>fuerimus</span> <span class='ocrx_word' id='word_1_162' title='bbox 991 2178 1043 2242; x_wconf 85' lang='lat' dir='ltr'>vel</span> <span class='ocrx_word' id='word_1_163' title='bbox 1064 2177 1266 2258; x_wconf 81' lang='lat' dir='ltr'>negligentes</span> 
     </span>
     <span class='ocr_line' id='line_1_21' title="bbox 93 2279 1266 2363; baseline 0.004 -24"><span class='ocrx_word' id='word_1_164' title='bbox 93 2294 177 2361; x_wconf 90' lang='lat' dir='ltr'>neque</span> <span class='ocrx_word' id='word_1_165' title='bbox 197 2281 336 2363; x_wconf 85' lang='lat' dir='ltr'>pignora</span> <span class='ocrx_word' id='word_1_166' title='bbox 369 2281 527 2347; x_wconf 87' lang='lat' dir='ltr'>redimere</span> <span class='ocrx_word' id='word_1_167' title='bbox 560 2280 788 2361; x_wconf 88' lang='lat' dir='ltr'>curaverimus,</span> <span class='ocrx_word' id='word_1_168' title='bbox 823 2285 940 2345; x_wconf 87' lang='lat' dir='ltr'>extunc</span> <span class='ocrx_word' id='word_1_169' title='bbox 972 2279 1209 2346; x_wconf 89' lang='lat' dir='ltr'>intromittendi</span> <span class='ocrx_word' id='word_1_170' title='bbox 1231 2298 1266 2346; x_wconf 91' lang='lat' dir='ltr'>se</span> 
     </span>
     <span class='ocr_line' id='line_1_22' title="bbox 94 2380 1268 2465; baseline 0.003 -21"><span class='ocrx_word' id='word_1_171' title='bbox 94 2380 222 2451; x_wconf 89' lang='lat' dir='ltr'>dominus</span> <span class='ocrx_word' id='word_1_172' title='bbox 245 2384 345 2452; x_wconf 90' lang='lat' dir='ltr'>abbas</span> <span class='ocrx_word' id='word_1_173' title='bbox 367 2389 402 2449; x_wconf 90' lang='lat' dir='ltr'>et</span> <span class='ocrx_word' id='word_1_174' title='bbox 424 2388 600 2450; x_wconf 89' lang='lat' dir='ltr'>conventus</span> <span class='ocrx_word' id='word_1_175' title='bbox 622 2384 741 2465; x_wconf 90' lang='lat' dir='ltr'>prefati</span> <span class='ocrx_word' id='word_1_176' title='bbox 763 2384 802 2448; x_wconf 89' lang='lat' dir='ltr'>de</span> <span class='ocrx_word' id='word_1_177' title='bbox 824 2383 918 2449; x_wconf 91' lang='lat' dir='ltr'>bonis</span> <span class='ocrx_word' id='word_1_178' title='bbox 941 2383 1060 2450; x_wconf 85' lang='lat' dir='ltr'>nostris</span> <span class='ocrx_word' id='word_1_179' title='bbox 1082 2385 1211 2464; x_wconf 86' lang='lat' dir='ltr'>plenam</span> <span class='ocrx_word' id='word_1_180' title='bbox 1233 2388 1268 2447; x_wconf 90' lang='lat' dir='ltr'>et</span> 
     </span>
     <span class='ocr_line' id='line_1_23' title="bbox 93 2485 1267 2569; baseline -0.003 -14"><span class='ocrx_word' id='word_1_181' title='bbox 93 2487 288 2557; x_wconf 78' lang='lat' dir='ltr'>omnimodam</span> <span class='ocrx_word' id='word_1_182' title='bbox 305 2488 472 2555; x_wconf 81' lang='lat' dir='ltr'>habebunt</span> <span class='ocrx_word' id='word_1_183' title='bbox 497 2491 694 2569; x_wconf 87' lang='lat' dir='ltr'>potestatem</span> <span class='ocrx_word' id='word_1_184' title='bbox 709 2487 966 2553; x_wconf 88' lang='lat' dir='ltr'>contradiccione</span> <span class='ocrx_word' id='word_1_185' title='bbox 989 2485 1134 2568; x_wconf 89' lang='lat' dir='ltr'>qualibet</span> <span class='ocrx_word' id='word_1_186' title='bbox 1154 2485 1267 2568; x_wconf 85' lang='lat' dir='ltr'>procul</span> 
     </span>
     <span class='ocr_line' id='line_1_24' title="bbox 92 2590 1266 2675; baseline 0.002 -22"><span class='ocrx_word' id='word_1_187' title='bbox 92 2596 171 2675; x_wconf 88' lang='lat' dir='ltr'>moia,</span> <span class='ocrx_word' id='word_1_188' title='bbox 193 2610 325 2662; x_wconf 86' lang='lat' dir='ltr'>censum</span> <span class='ocrx_word' id='word_1_189' title='bbox 347 2592 451 2661; x_wconf 87' lang='lat' dir='ltr'>eciam</span> <span class='ocrx_word' id='word_1_190' title='bbox 481 2610 555 2658; x_wconf 92' lang='lat' dir='ltr'>cum</span> <span class='ocrx_word' id='word_1_191' title='bbox 576 2592 669 2673; x_wconf 90' lang='lat' dir='ltr'>penis</span> <span class='ocrx_word' id='word_1_192' title='bbox 697 2590 866 2672; x_wconf 87' lang='lat' dir='ltr'>prelibatis</span> <span class='ocrx_word' id='word_1_193' title='bbox 895 2610 915 2656; x_wconf 90' lang='lat' dir='ltr'>a</span> <span class='ocrx_word' id='word_1_194' title='bbox 936 2609 988 2655; x_wconf 93' lang='lat' dir='ltr'>me</span> <span class='ocrx_word' id='word_1_195' title='bbox 1010 2609 1050 2656; x_wconf 90' lang='lat' dir='ltr'>ac</span> <span class='ocrx_word' id='word_1_196' title='bbox 1071 2590 1152 2656; x_wconf 92' lang='lat' dir='ltr'>meis</span> <span class='ocrx_word' id='word_1_197' title='bbox 1173 2590 1266 2656; x_wconf 87' lang='lat' dir='ltr'>here·</span> 
     </span>
     <span class='ocr_line' id='line_1_25' title="bbox 92 2690 1266 2779; baseline 0.001 -22"><span class='ocrx_word' id='word_1_198' title='bbox 92 2690 179 2778; x_wconf 89' lang='lat' dir='ltr'>dibus,</span> <span class='ocrx_word' id='word_1_199' title='bbox 200 2696 316 2779; x_wconf 77' lang='lat' dir='ltr'>quovis</span> <span class='ocrx_word' id='word_1_200' title='bbox 334 2696 410 2779; x_wconf 86' lang='lat' dir='ltr'>jnrc</span> <span class='ocrx_word' id='word_1_201' title='bbox 427 2701 462 2763; x_wconf 91' lang='lat' dir='ltr'>et</span> <span class='ocrx_word' id='word_1_202' title='bbox 482 2696 578 2762; x_wconf 93' lang='lat' dir='ltr'>modo</span> <span class='ocrx_word' id='word_1_203' title='bbox 592 2694 744 2777; x_wconf 87' lang='lat' dir='ltr'>poterint,</span> <span class='ocrx_word' id='word_1_204' title='bbox 768 2694 892 2777; x_wconf 88' lang='lat' dir='ltr'>acquiri</span> <span class='ocrx_word' id='word_1_205' title='bbox 907 2694 994 2760; x_wconf 91' lang='lat' dir='ltr'>omni</span> <span class='ocrx_word' id='word_1_206' title='bbox 1008 2694 1266 2760; x_wconf 87' lang='lat' dir='ltr'>contradiccione</span> 
     </span>
     <span class='ocr_line' id='line_1_26' title="bbox 92 2798 1262 2867; baseline -0.003 -2"><span class='ocrx_word' id='word_1_207' title='bbox 92 2804 199 2867; x_wconf 79' lang='lat' dir='ltr'>semota</span> <span class='ocrx_word' id='word_1_208' title='bbox 220 2798 436 2867; x_wconf 87' lang='lat' dir='ltr'>omnimodam</span> <span class='ocrx_word' id='word_1_209' title='bbox 468 2801 634 2867; x_wconf 86' lang='lat' dir='ltr'>habebunt</span> <span class='ocrx_word' id='word_1_210' title='bbox 664 2799 847 2865; x_wconf 85' lang='lat' dir='ltr'>libertatem</span> <span class='ocrx_word' id='word_1_211' title='bbox 880 2799 915 2864; x_wconf 93' lang='lat' dir='ltr'>in</span> <span class='ocrx_word' id='word_1_212' title='bbox 948 2816 1075 2864; x_wconf 93' lang='lat' dir='ltr'>omnem</span> <span class='ocrx_word' id='word_1_213' title='bbox 1103 2802 1262 2863; x_wconf 85' lang='lat' dir='ltr'>euentum.</span> 
     </span>
     <span class='ocr_line' id='line_1_27' title="bbox 91 2896 1265 2987; baseline -0.005 -16"><span class='ocrx_word' id='word_1_214' title='bbox 91 2896 192 2971; x_wconf 78' lang='lat' dir='ltr'>lorum</span> <span class='ocrx_word' id='word_1_215' title='bbox 223 2904 257 2971; x_wconf 85' lang='lat' dir='ltr'>si·</span> <span class='ocrx_word' id='word_1_216' title='bbox 287 2918 356 2987; x_wconf 83' lang='lat' dir='ltr'>ego·</span> <span class='ocrx_word' id='word_1_217' title='bbox 380 2905 554 2972; x_wconf 86' lang='lat' dir='ltr'>Teodricus</span> <span class='ocrx_word' id='word_1_218' title='bbox 587 2904 639 2969; x_wconf 84' lang='lat' dir='ltr'>vel</span> <span class='ocrx_word' id='word_1_219' title='bbox 671 2904 737 2969; x_wconf 92' lang='lat' dir='ltr'>mei</span> <span class='ocrx_word' id='word_1_220' title='bbox 757 2903 891 2969; x_wconf 91' lang='lat' dir='ltr'>heredes</span> <span class='ocrx_word' id='word_1_221' title='bbox 920 2900 956 2965; x_wconf 90' lang='lat' dir='ltr'>in</span> <span class='ocrx_word' id='word_1_222' title='bbox 985 2900 1130 2967; x_wconf 85' lang='lat' dir='ltr'>terminis</span> <span class='ocrx_word' id='word_1_223' title='bbox 1153 2917 1265 2982; x_wconf 89' lang='lat' dir='ltr'>supra·</span> 
     </span>
     <span class='ocr_line' id='line_1_28' title="bbox 91 3003 1266 3091; baseline 0.001 -23"><span class='ocrx_word' id='word_1_224' title='bbox 91 3008 194 3075; x_wconf 88' lang='lat' dir='ltr'>notulis</span> <span class='ocrx_word' id='word_1_225' title='bbox 222 3008 266 3075; x_wconf 86' lang='lat' dir='ltr'>ad</span> <span class='ocrx_word' id='word_1_226' title='bbox 287 3008 456 3077; x_wconf 86' lang='lat' dir='ltr'>ecclesiam</span> <span class='ocrx_word' id='word_1_227' title='bbox 485 3008 760 3091; x_wconf 87' lang='lat' dir='ltr'>sepenominatam</span> <span class='ocrx_word' id='word_1_228' title='bbox 782 3003 1048 3071; x_wconf 82' lang='lat' dir='ltr'>Strabouiensem</span> <span class='ocrx_word' id='word_1_229' title='bbox 1071 3003 1186 3070; x_wconf 87' lang='lat' dir='ltr'>afferre</span> <span class='ocrx_word' id='word_1_230' title='bbox 1206 3022 1266 3070; x_wconf 89' lang='lat' dir='ltr'>seu</span> 
     </span>
     <span class='ocr_line' id='line_1_29' title="bbox 89 3107 1265 3194; baseline -0.003 -17"><span class='ocrx_word' id='word_1_231' title='bbox 89 3110 292 3179; x_wconf 82' lang='lat' dir='ltr'>transmittere</span> <span class='ocrx_word' id='word_1_232' title='bbox 320 3131 433 3181; x_wconf 89' lang='lat' dir='ltr'>securo</span> <span class='ocrx_word' id='word_1_233' title='bbox 462 3130 525 3177; x_wconf 93' lang='lat' dir='ltr'>non</span> <span class='ocrx_word' id='word_1_234' title='bbox 554 3111 730 3194; x_wconf 85' lang='lat' dir='ltr'>poterimus</span> <span class='ocrx_word' id='word_1_235' title='bbox 761 3107 903 3191; x_wconf 86' lang='lat' dir='ltr'>generali</span> <span class='ocrx_word' id='word_1_236' title='bbox 924 3125 1046 3190; x_wconf 85' lang='lat' dir='ltr'>gwerra</span> <span class='ocrx_word' id='word_1_237' title='bbox 1067 3112 1154 3174; x_wconf 89' lang='lat' dir='ltr'>terre</span> <span class='ocrx_word' id='word_1_238' title='bbox 1174 3108 1265 3189; x_wconf 91' lang='lat' dir='ltr'>inpe-</span> 
     </span>
     <span class='ocr_line' id='line_1_30' title="bbox 91 3210 1263 3297; baseline 0 -20"><span class='ocrx_word' id='word_1_239' title='bbox 91 3210 344 3297; x_wconf 49' lang='lat' dir='ltr'>diens-domino</span> <span class='ocrx_word' id='word_1_240' title='bbox 366 3216 479 3283; x_wconf 86' lang='lat' dir='ltr'>abbati</span> <span class='ocrx_word' id='word_1_241' title='bbox 509 3214 736 3282; x_wconf 83' lang='lat' dir='ltr'>Strahouiensi</span> <span class='ocrx_word' id='word_1_242' title='bbox 765 3213 909 3296; x_wconf 90' lang='lat' dir='ltr'>predicto</span> <span class='ocrx_word' id='word_1_243' title='bbox 939 3216 1088 3280; x_wconf 75' lang='grc'><strong>11111111</strong></span> <span class='ocrx_word' id='word_1_244' title='bbox 1107 3211 1263 3291; x_wconf 89' lang='lat' dir='ltr'>indicare,</span> 
     </span>
     <span class='ocr_line' id='line_1_31' title="bbox 90 3315 1265 3402; baseline -0.008 -14"><span class='ocrx_word' id='word_1_245' title='bbox 90 3318 116 3379; x_wconf 80' lang='grc'>11</span> <span class='ocrx_word' id='word_1_246' title='bbox 132 3318 278 3401; x_wconf 77' lang='lat' dir='ltr'>quitquid</span> <span class='ocrx_word' id='word_1_247' title='bbox 297 3318 368 3402; x_wconf 90' lang='lat' dir='ltr'>ipsc</span> <span class='ocrx_word' id='word_1_248' title='bbox 390 3338 464 3386; x_wconf 91' lang='lat' dir='ltr'>cum</span> <span class='ocrx_word' id='word_1_249' title='bbox 484 3320 629 3401; x_wconf 89' lang='lat' dir='ltr'>predicto</span> <span class='ocrx_word' id='word_1_250' title='bbox 653 3337 751 3385; x_wconf 90' lang='lat' dir='ltr'>censu</span> <span class='ocrx_word' id='word_1_251' title='bbox 773 3335 832 3384; x_wconf 93' lang='lat' dir='ltr'>suo</span> <span class='ocrx_word' id='word_1_252' title='bbox 854 3317 948 3382; x_wconf 92' lang='lat' dir='ltr'>nobis</span> <span class='ocrx_word' id='word_1_253' title='bbox 970 3315 1151 3382; x_wconf 88' lang='lat' dir='ltr'>iaciendum</span> <span class='ocrx_word' id='word_1_254' title='bbox 1173 3333 1265 3381; x_wconf 90' lang='lat' dir='ltr'>man-</span> 
     </span>
     <span class='ocr_line' id='line_1_32' title="bbox 90 3416 1266 3507; baseline 0.002 -26"><span class='ocrx_word' id='word_1_255' title='bbox 90 3416 206 3507; x_wconf 78' lang='lat' dir='ltr'>dauerit,</span> <span class='ocrx_word' id='word_1_256' title='bbox 239 3422 302 3491; x_wconf 85' lang='lat' dir='ltr'>hoc</span> <span class='ocrx_word' id='word_1_257' title='bbox 323 3422 429 3489; x_wconf 86' lang='lat' dir='ltr'>iacere</span> <span class='ocrx_word' id='word_1_258' title='bbox 450 3424 603 3489; x_wconf 88' lang='lat' dir='ltr'>debemus</span> <span class='ocrx_word' id='word_1_259' title='bbox 625 3426 659 3487; x_wconf 91' lang='lat' dir='ltr'>et</span> <span class='ocrx_word' id='word_1_260' title='bbox 680 3426 835 3500; x_wconf 86' lang='lat' dir='ltr'>tenemur,</span> <span class='ocrx_word' id='word_1_261' title='bbox 866 3419 929 3487; x_wconf 88' lang='lat' dir='ltr'>hac</span> <span class='ocrx_word' id='word_1_262' title='bbox 957 3420 1116 3502; x_wconf 88' lang='lat' dir='ltr'>siquidem</span> <span class='ocrx_word' id='word_1_263' title='bbox 1138 3419 1266 3485; x_wconf 89' lang='lat' dir='ltr'>cautela</span> 
     </span>
     <span class='ocr_line' id='line_1_33' title="bbox 90 3522 1264 3609; baseline -0.004 -18"><span class='ocrx_word' id='word_1_264' title='bbox 90 3522 219 3593; x_wconf 76' lang='lat' dir='ltr'>adbibita</span> <span class='ocrx_word' id='word_1_265' title='bbox 249 3531 286 3593; x_wconf 88' lang='lat' dir='ltr'>ct</span> <span class='ocrx_word' id='word_1_266' title='bbox 316 3526 529 3609; x_wconf 87' lang='lat' dir='ltr'>interposita:</span> <span class='ocrx_word' id='word_1_267' title='bbox 567 3526 596 3591; x_wconf 92' lang='lat' dir='ltr'>si</span> <span class='ocrx_word' id='word_1_268' title='bbox 632 3526 780 3607; x_wconf 87' lang='lat' dir='ltr'>princeps</span> <span class='ocrx_word' id='word_1_269' title='bbox 816 3524 941 3591; x_wconf 91' lang='lat' dir='ltr'>alienus</span> <span class='ocrx_word' id='word_1_270' title='bbox 978 3530 1096 3589; x_wconf 91' lang='lat' dir='ltr'>terram</span> <span class='ocrx_word' id='word_1_271' title='bbox 1132 3522 1264 3588; x_wconf 72' lang='lat' dir='ltr'>Bobmie</span> 
     </span>
     <span class='ocr_line' id='line_1_34' title="bbox 90 3621 1264 3712; baseline 0.001 -21"><span class='ocrx_word' id='word_1_272' title='bbox 90 3621 236 3697; x_wconf 85' lang='lat' dir='ltr'>hostiliter</span> <span class='ocrx_word' id='word_1_273' title='bbox 270 3630 447 3712; x_wconf 85' lang='lat' dir='ltr'>invadens,</span> <span class='ocrx_word' id='word_1_274' title='bbox 481 3629 568 3711; x_wconf 90' lang='lat' dir='ltr'>quod</span> <span class='ocrx_word' id='word_1_275' title='bbox 596 3628 698 3711; x_wconf 90' lang='lat' dir='ltr'>absit,</span> <span class='ocrx_word' id='word_1_276' title='bbox 734 3647 804 3694; x_wconf 90' lang='lat' dir='ltr'>sese</span> <span class='ocrx_word' id='word_1_277' title='bbox 837 3629 873 3693; x_wconf 90' lang='lat' dir='ltr'>in</span> <span class='ocrx_word' id='word_1_278' title='bbox 906 3627 1059 3709; x_wconf 89' lang='lat' dir='ltr'>predictis</span> <span class='ocrx_word' id='word_1_279' title='bbox 1092 3626 1184 3693; x_wconf 91' lang='lat' dir='ltr'>bonis</span> <span class='ocrx_word' id='word_1_280' title='bbox 1216 3627 1264 3692; x_wconf 94' lang='lat' dir='ltr'>lo-</span> 
     </span>
     <span class='ocr_line' id='line_1_35' title="bbox 42 3729 1263 3819; baseline -0.004 -22"><span class='ocrx_word' id='word_1_281' title='bbox 42 3741 44 3754; x_wconf 89' lang='lat'>&#39;</span> <span class='ocrx_word' id='word_1_282' title='bbox 91 3732 184 3816; x_wconf 83' lang='lat' dir='ltr'>ando,</span> <span class='ocrx_word' id='word_1_283' title='bbox 207 3732 276 3819; x_wconf 91' lang='lat' dir='ltr'>[ca]</span> <span class='ocrx_word' id='word_1_284' title='bbox 291 3732 450 3801; x_wconf 76' lang='lat' dir='ltr'>moendiis</span> <span class='ocrx_word' id='word_1_285' title='bbox 471 3737 505 3799; x_wconf 89' lang='lat' dir='ltr'>et</span> <span class='ocrx_word' id='word_1_286' title='bbox 521 3733 644 3815; x_wconf 89' lang='lat' dir='ltr'>rapinis</span> <span class='ocrx_word' id='word_1_287' title='bbox 666 3731 811 3799; x_wconf 88' lang='lat' dir='ltr'>totaliter</span> <span class='ocrx_word' id='word_1_288' title='bbox 832 3750 905 3797; x_wconf 88' lang='lat' dir='ltr'>cum</span> <span class='ocrx_word' id='word_1_289' title='bbox 918 3730 991 3795; x_wconf 86' lang='lat' dir='ltr'>aliis</span> <span class='ocrx_word' id='word_1_290' title='bbox 1013 3730 1106 3796; x_wconf 91' lang='lat' dir='ltr'>bonis</span> <span class='ocrx_word' id='word_1_291' title='bbox 1129 3729 1263 3794; x_wconf 91' lang='lat' dir='ltr'>circum·</span> 
     </span>
     <span class='ocr_line' id='line_1_36' title="bbox 92 3830 1262 3919; baseline -0.004 -18"><span class='ocrx_word' id='word_1_292' title='bbox 92 3830 293 3905; x_wconf 70' lang='lat' dir='ltr'>adiacentibus</span> <span class='ocrx_word' id='word_1_293' title='bbox 326 3838 529 3919; x_wconf 84' lang='lat' dir='ltr'>devastaret,</span> <span class='ocrx_word' id='word_1_294' title='bbox 561 3838 619 3903; x_wconf 90' lang='lat' dir='ltr'>illo</span> <span class='ocrx_word' id='word_1_295' title='bbox 653 3838 723 3903; x_wconf 91' lang='lat' dir='ltr'>solo</span> <span class='ocrx_word' id='word_1_296' title='bbox 756 3853 840 3901; x_wconf 90' lang='lat' dir='ltr'>anno</span> <span class='ocrx_word' id='word_1_297' title='bbox 873 3853 932 3915; x_wconf 88' lang='lat' dir='ltr'>ego</span> <span class='ocrx_word' id='word_1_298' title='bbox 965 3838 999 3898; x_wconf 96' lang='grc'>11</span> <span class='ocrx_word' id='word_1_299' title='bbox 1030 3834 1096 3900; x_wconf 90' lang='lat' dir='ltr'>mei</span> <span class='ocrx_word' id='word_1_300' title='bbox 1127 3832 1262 3898; x_wconf 89' lang='lat' dir='ltr'>heredes</span> 
     </span>
     <span class='ocr_line' id='line_1_37' title="bbox 93 3936 1261 4023; baseline -0.004 -18"><span class='ocrx_word' id='word_1_301' title='bbox 93 3939 278 4009; x_wconf 85' lang='grc'><strong>1111111111</strong></span> <span class='ocrx_word' id='word_1_302' title='bbox 307 3940 446 4023; x_wconf 81' lang='lat' dir='ltr'>preteeti</span> <span class='ocrx_word' id='word_1_303' title='bbox 474 3959 589 4007; x_wconf 91' lang='lat' dir='ltr'>census</span> <span class='ocrx_word' id='word_1_304' title='bbox 627 3942 755 4023; x_wconf 88' lang='lat' dir='ltr'>penitus</span> <span class='ocrx_word' id='word_1_305' title='bbox 786 3939 904 4004; x_wconf 90' lang='lat' dir='ltr'>erimus</span> <span class='ocrx_word' id='word_1_306' title='bbox 934 3937 1075 4003; x_wconf 90' lang='lat' dir='ltr'>absoluti</span> <span class='ocrx_word' id='word_1_307' title='bbox 1097 3940 1131 4002; x_wconf 91' lang='lat' dir='ltr'>et</span> <span class='ocrx_word' id='word_1_308' title='bbox 1151 3936 1261 4013; x_wconf 77' lang='lat' dir='ltr'>liberi3</span> 
     </span>
     <span class='ocr_line' id='line_1_38' title="bbox 94 4038 1259 4125; baseline -0.003 -16"><span class='ocrx_word' id='word_1_309' title='bbox 94 4038 137 4104; x_wconf 83' lang='grc'>111</span> <span class='ocrx_word' id='word_1_310' title='bbox 153 4044 180 4109; x_wconf 92' lang='lat' dir='ltr'>si</span> <span class='ocrx_word' id='word_1_311' title='bbox 198 4062 275 4125; x_wconf 87' lang='lat' dir='ltr'>pars</span> <span class='ocrx_word' id='word_1_312' title='bbox 295 4044 457 4111; x_wconf 86' lang='lat' dir='ltr'>dictorum</span> <span class='ocrx_word' id='word_1_313' title='bbox 478 4044 634 4110; x_wconf 91' lang='lat' dir='ltr'>bonorum</span> <span class='ocrx_word' id='word_1_314' title='bbox 667 4043 811 4125; x_wconf 88' lang='lat' dir='ltr'>predicto</span> <span class='ocrx_word' id='word_1_315' title='bbox 842 4041 937 4106; x_wconf 91' lang='lat' dir='ltr'>modo</span> <span class='ocrx_word' id='word_1_316' title='bbox 966 4040 1132 4105; x_wconf 86' lang='lat' dir='ltr'>destructa</span> <span class='ocrx_word' id='word_1_317' title='bbox 1152 4039 1259 4120; x_wconf 84' lang='lat' dir='ltr'>luerit,</span> 
     </span>
     <span class='ocr_line' id='line_1_39' title="bbox 94 4136 1261 4226; baseline -0.009 -10"><span class='ocrx_word' id='word_1_318' title='bbox 94 4136 124 4205; x_wconf 86' lang='lat' dir='ltr'>do</span> <span class='ocrx_word' id='word_1_319' title='bbox 138 4152 223 4226; x_wconf 68' lang='lat' dir='ltr'>pute</span> <span class='ocrx_word' id='word_1_320' title='bbox 243 4146 341 4215; x_wconf 87' lang='lat' dir='ltr'>illesa</span> <span class='ocrx_word' id='word_1_321' title='bbox 362 4147 539 4213; x_wconf 87' lang='lat' dir='ltr'>secundum</span> <span class='ocrx_word' id='word_1_322' title='bbox 569 4146 811 4214; x_wconf 91' lang='lat' dir='ltr'>estimacionem</span> <span class='ocrx_word' id='word_1_323' title='bbox 834 4144 973 4208; x_wconf 89' lang='lat' dir='ltr'>virorum</span> <span class='ocrx_word' id='word_1_324' title='bbox 996 4141 1059 4207; x_wconf 86' lang='lat' dir='ltr'>fide</span> <span class='ocrx_word' id='word_1_325' title='bbox 1081 4145 1261 4225; x_wconf 87' lang='lat' dir='ltr'>dignorum,</span> 
     </span>
     <span class='ocr_line' id='line_1_40' title="bbox 95 4246 1262 4334; baseline -0.008 -13"><span class='ocrx_word' id='word_1_326' title='bbox 95 4246 137 4321; x_wconf 76' lang='grc'>111</span> <span class='ocrx_word' id='word_1_327' title='bbox 148 4251 185 4315; x_wconf 85' lang='lat' dir='ltr'>ad</span> <span class='ocrx_word' id='word_1_328' title='bbox 196 4251 259 4319; x_wconf 89' lang='lat' dir='ltr'>hoo</span> <span class='ocrx_word' id='word_1_329' title='bbox 273 4270 315 4317; x_wconf 84' lang='lat' dir='ltr'>ex</span> <span class='ocrx_word' id='word_1_330' title='bbox 328 4255 468 4333; x_wconf 71' lang='lat' dir='ltr'>ubsque</span> <span class='ocrx_word' id='word_1_331' title='bbox 482 4256 574 4333; x_wconf 85' lang='lat' dir='ltr'>parte</span> <span class='ocrx_word' id='word_1_332' title='bbox 589 4253 747 4334; x_wconf 82' lang='lat' dir='ltr'>assuunpti</span> <span class='ocrx_word' id='word_1_333' title='bbox 762 4249 891 4328; x_wconf 86' lang='lat' dir='ltr'>fuerint,</span> <span class='ocrx_word' id='word_1_334' title='bbox 916 4264 975 4328; x_wconf 82' lang='lat' dir='ltr'>ego</span> <span class='ocrx_word' id='word_1_335' title='bbox 991 4250 1024 4311; x_wconf 90' lang='lat' dir='ltr'>et</span> <span class='ocrx_word' id='word_1_336' title='bbox 1039 4248 1104 4312; x_wconf 91' lang='lat' dir='ltr'>mei</span> <span class='ocrx_word' id='word_1_337' title='bbox 1125 4246 1262 4313; x_wconf 89' lang='lat' dir='ltr'>heredes</span> 
     </span>
     <span class='ocr_line' id='line_1_41' title="bbox 96 4343 1262 4431; baseline -0.005 -9"><span class='ocrx_word' id='word_1_338' title='bbox 96 4343 222 4431; x_wconf 72' lang='lat' dir='ltr'>leonte</span> <span class='ocrx_word' id='word_1_339' title='bbox 243 4356 341 4421; x_wconf 90' lang='lat' dir='ltr'>illesa</span> <span class='ocrx_word' id='word_1_340' title='bbox 363 4372 495 4419; x_wconf 87' lang='lat' dir='ltr'>censum</span> <span class='ocrx_word' id='word_1_341' title='bbox 524 4355 648 4421; x_wconf 86' lang='lat' dir='ltr'>solvere</span> <span class='ocrx_word' id='word_1_342' title='bbox 677 4361 824 4419; x_wconf 84' lang='lat' dir='ltr'>tenemur</span> <span class='ocrx_word' id='word_1_343' title='bbox 845 4350 974 4417; x_wconf 91' lang='lat' dir='ltr'>domino</span> <span class='ocrx_word' id='word_1_344' title='bbox 998 4351 1110 4417; x_wconf 86' lang='lat' dir='ltr'>abbati</span> <span class='ocrx_word' id='word_1_345' title='bbox 1131 4355 1165 4415; x_wconf 89' lang='grc'>11</span> <span class='ocrx_word' id='word_1_346' title='bbox 1187 4370 1262 4417; x_wconf 90' lang='lat' dir='ltr'>con·</span> 
     </span>
    </p>
   </div>
   <div class='ocr_carea' id='block_1_3' title="bbox 0 0 1460 4896">
    <p class='ocr_par' dir='ltr' id='par_1_3' title="bbox 0 0 1460 4896">
     <span class='ocr_line' id='line_1_42' title="bbox 0 0 1460 4896; baseline 0 1"><span class='ocrx_word' id='word_1_347' title='bbox 0 0 1460 4896; x_wconf 95' lang='lat' dir='ltr'> </span> 
     </span>
    </p>
   </div>
  </div>
 </body>
</html>
