2894 4890
1184 104 1243 165 231

183 306 232 389 ius
255 308 525 389 omplrioleticum.
570 310 650 377 item
675 310 720 374 ibi
743 320 819 374 ιιιιιι.
849 312 961 375 ιυΙιοιιι
984 312 1077 389 tales,
1102 310 1255 375 videlieet

172 408 284 477 debeat
304 432 414 477 errare
437 414 536 479 seusei
559 413 601 479 ad
624 416 783 497 hyemalia
807 420 837 477 el
855 416 997 479 secunda
1021 414 1088 479 uice
1112 414 1153 479 ad
1176 413 1254 479 esti-

11 524 15 531 ·
47 546 55 575 .·
141 512 148 527 “
180 516 339 595 usquead
361 517 528 582 meridiem
566 536 623 599 pro
647 520 792 599 quolibet
828 518 964 583 temrirm
999 519 1031 581 iu
1055 518 1176 583 uostris
1198 536 1253 581 ex·

10 608 44 653 ‘³'
152 616 180 683 ¹.
220 618 263 683 Et
294 618 414 685 ibidem
447 622 566 687 dantur
599 621 682 685 tales
715 642 865 703 espemse.
901 622 1052 686 uidelicet
1083 624 1125 685 de
1159 639 1253 686 rurauc

161 740 188 787 m
207 741 278 789 cum
298 740 382 804 pauc
406 730 440 789 et
462 725 610 805 cervisia,
633 728 665 791 iu
681 727 816 807 praedio
835 746 909 791 mre
933 726 1036 807 pisrm
1053 744 1125 789 curu
1151 724 1251 805 lardo,

168 830 198 891 et
217 827 355 893 cervisie
376 834 410 892 ct
433 846 496 893 uou
521 830 615 894 ultra
663 832 743 895 ltem
778 830 895 897 ibidem
926 828 966 893 de
990 829 1135 911 quolibet
1158 828 1252 893 laneo

96 1032 158 1097 dee
178 1033 317 1117 hyemali
331 1040 456 1117 partem
471 1040 506 1099 et
520 1042 644 1117 partem
663 1038 694 1099 ἰιι
717 1036 846 1102 estivali
871 1038 931 1100 sub
955 1036 1113 1118 expensis,
1136 1036 1254 1117 quibus

93 1150 162 1217 upra
204 1138 285 1203 Item
309 1137 349 1202 de
372 1137 517 1219 quolibet
549 1139 642 1203 lauee
675 1148 800 1203 eructuet
834 1144 876 1205 26
899 1141 1029 1220 capacia
1053 1141 1085 1205 iu
1108 1141 1177 1205 suis
1200 1160 1253 1205 ιιιι-

89 1240 171 1319 mus
191 1247 225 1306 et
248 1241 368 1307 debent
391 1242 495 1324 ligari,
521 1260 713 1323 ceruponere
737 1249 768 1307 et
792 1246 992 1323 procuratori
1017 1262 1197 1325 uunrerare,
1221 1252 1255 1309 ct

10 1984 41 2025 ue·
72 1964 168 2033 debeat
190 1968 285 2050 ligna
307 1968 424 2033 ducere
447 1969 489 2033 ed
512 1970 742 2035 monasterium
769 1970 809 2034 dc
833 1968 852 2031 2
876 1967 978 2034 laneis
1000 1987 1059 2049 per
1083 1971 1096 2032 l
1124 1988 1252 2035 currum

10 2070 37 2130 ri
70 2066 249 2155 bipsorum
284 2074 442 2153 expensis.
488 2074 570 2139 item
603 2074 723 2138 ibidem
757 2074 887 2138 solvunt
920 2071 1071 2139 denarios
1105 2075 1252 2155 lamaies,

68 2174 182 2254 quilibet
205 2178 248 2241 dc
271 2177 367 2241 laneo
390 2196 448 2259 per·
474 2176 511 2260 ¹l’r
536 2196 582 2259 gr.
612 2183 645 2241 et.
668 2176 815 2241 subsides
840 2196 897 2258 per
919 2178 939 2241 3
963 2176 1123 2243 balenses.
1171 2180 1251 2245 item

65 2278 182 2357 quilibet
205 2280 327 2363 hospes
359 2280 457 2345 debet
493 2287 643 2347 venatum
666 2282 804 2347 transire
839 2282 915 2345 bina
948 2282 1016 2345 vice
1047 2283 1087 2346 de
1106 2285 1191 2366 jaro,
1218 2300 1254 2355 et

10 2399 24 2444 ι
64 2382 168 2465 uiplus
191 2382 296 2449 merit
311 2402 452 2466 necesse,
476 2384 537 2450 hoc
554 2392 603 2449 est
620 2387 660 2450 ad
676 2386 831 2465 placitum
849 2385 993 2467 ipsoram
1009 2391 1042 2449 et
1057 2384 1250 2467 peticionem

61 2486 277 2565 procuratoris.
324 2486 405 2551 Item
429 2486 547 2551 ibidem
580 2488 716 2570 quilibet
747 2489 859 2553 subses
882 2488 1004 2556 habens
1028 2491 1049 2552 4
1072 2488 1251 2554 strichoues

60 2607 197 2672 agrorum
234 2590 334 2656 debet
365 2589 512 2656 laborare
551 2611 648 2657 arrum
686 2592 771 2655 diem
809 2592 841 2656 in
879 2592 1066 2674 ebdomada,
1101 2593 1252 2659 videlicet

58 2690 124 2765 iuria
144 2694 190 2761 11.
214 2694 342 2765 insuia
365 2695 513 2777 expensis
538 2695 588 2759 vel
615 2697 655 2760 12
677 2714 723 2775 gr.
750 2696 874 2760 soluere
898 2697 1033 2777 siugulis
1057 2698 1169 2777 annis;
1193 2698 1250 2763 sed

10 2852 15 2861 .
58 2795 106 2863 boc
125 2804 180 2865 est
201 2799 239 2863 in
262 2798 428 2863 uoluntate
452 2798 572 2863 domini
597 2798 733 2864 abbatis.
757 2800 839 2863 Item
862 2799 981 2865 ibidem
1005 2806 1080 2867 suut
1105 2802 1144 2867 15
1164 2801 1250 2864 lanei

57 2900 92 2965 de
107 2903 191 2969 silva
214 2906 251 2966 et
273 2902 292 2965 'i
313 2903 436 2984 jugera.
462 2905 542 2967 Item
566 2921 657 2967 urens
681 2903 786 2967 dictus
810 2901 922 2967 Modra
946 2903 1025 2966 bora
1048 2904 1249 2968 continetis

57 3022 84 3068 se
102 3008 144 3072 48
164 3006 296 3088 jugera.
342 3006 424 3071 item
447 3025 538 3072 mons
560 3007 686 3088 Lyczna
709 3008 789 3071 hora
819 3008 961 3071 continet
985 3012 1112 3071 centum
1133 3008 1250 3088 jugera

56 3110 151 3177 minas
174 3128 253 3176 uno.
277 3110 358 3174 Item
380 3128 472 3175 mons
488 3110 667 3193 Hanebnyk
691 3111 834 3175 continet
857 3117 985 3176 centum
1004 3111 1120 3193 jugera
1142 3112 1248 3176 minus

56 3210 115 3282 2⁶¹¹.
137 3214 227 3281 ltem
242 3232 335 3278 mous
350 3212 530 3280 'iburnowa
553 3214 697 3279 continet
719 3216 760 3277 66
781 3215 904 3297 jugera.
929 3214 1010 3279 Item
1033 3233 1124 3281 mona
1139 3212 1247 3295 Vgczd

55 3318 191 3385 continet
213 3319 258 3385 94
277 3319 400 3401 jngere.
447 3319 529 3382 Item
559 3337 650 3383 mons
680 3317 850 3384 Zahradka
885 3320 1027 3385 eontinet
1060 3322 1102 3386 82
1122 3320 1247 3402 jugera.

55 3424 126 3489 Item
148 3439 245 3487 mons
278 3418 337 3485 We
361 3420 521 3504 Swyslech
553 3423 698 3488 continet
730 3422 773 3487 64
803 3423 928 3506 jugera.
975 3426 1057 3488 item
1090 3442 1181 3489 mons
1205 3423 1247 3487 od

54 3525 196 3613 Hoatyua
219 3526 366 3592 continet
388 3527 430 3591 84
449 3527 573 3609 jugera.
613 3529 694 3591 item
718 3546 810 3592 mons
833 3528 1017 3594 Kachoa‘ka
1039 3530 1184 3592 eontinet
1206 3529 1248 3591 96

51 3633 168 3715 jugera.
193 3631 278 3696 item
301 3647 392 3695 mons
415 3631 569 3696 Zaworna
593 3631 738 3697 continet
760 3634 801 3695 96
821 3634 946 3713 jugera.
977 3634 1058 3695 item
1081 3630 1175 3695 lions
1197 3630 1248 3694 Ne

55 3734 187 3803 Seunem
212 3736 357 3801 continet
381 3737 420 3801 81
441 3736 545 3818 juger.
591 3737 673 3802 item
704 3755 796 3801 mons
826 3738 877 3801 Na
900 3736 1001 3816 Kosty
1036 3734 1182 3800 continet
1206 3733 1247 3796 70

50 3839 166 3923 jugera.
192 3839 274 3904 item
290 3838 409 3903 ibidem
424 3845 476 3904 est
500 3859 565 3905 una
580 3841 670 3906 ouria
686 3840 874 3905 monasterii
898 3857 971 3903 cum
986 3838 1088 3917 pratis
1106 3837 1246 3917 copiosis

10 3996 12 4011 .
54 3950 81 4009 ot
99 3945 208 4012 tribus
230 3944 399 4024 erraturis,
433 3945 583 4009 videlicet
613 3941 716 4024 pratis
750 3943 922 4009 bnomiue
945 3940 1143 4019 Holonozka
1179 3940 1246 4004 Pod

10 4020 12 4053 ¹
53 4045 226 4127 Rumonem,
259 4046 332 4113 Nad
361 4047 510 4129 mlynem,
545 4046 631 4111 Pede
654 4045 795 4111 Pliezem
830 4048 862 4109 et
897 4043 957 4110 sub
991 4042 1068 4107 uilla
1092 4041 1243 4108 Vhonicz.
1326 4120 1329 4127 Ι

54 4150 127 4217 llam
148 4152 291 4233 demptis
314 4150 380 4215 illis
404 4152 506 4231 pratis
529 4150 633 4215 adhue
666 4154 741 4213 suut
770 4149 834 4213 tria
867 4153 971 4229 prata,
1006 4147 1158 4211 uidelicet
1180 4147 1244 4213 Ob·

54 4256 187 4337 abddita,
210 4251 415 4338 Woyslawka
448 4262 482 4317 et
503 4253 571 4319 Pod
594 4250 834 4335 Hanebnyliem.
880 4250 924 4315 Et
947 4252 1077 4316 solvunt
1100 4251 1140 4317 de
1162 4251 1244 4333 ipsis
1257 4267 1280 4308 u·
1296 4271 1330 4308 τι.

55 4359 109 4449 26,-
131 4377 250 4449 seupg„
264 4359 432 4425 annuatim
461 4377 518 4465 pro
549 4356 632 4422 festo
665 4354 917 4429 Penthecbostes
951 4359 984 4418 ct
1013 4372 1071 4437 pro
1105 4354 1188 4419 festo
1213 4356 1243 4425 S.
