2910 4896
1221 194 1285 261 257

112 403 262 471 internos
283 400 465 486 prehabito,
487 402 692 483 vendidimus
706 406 813 469 certos
836 422 932 485 agros
955 408 1083 471 nostros
1104 404 1296 486 quibusdam

111 506 279 575 hominibus
301 506 422 583 nostris
446 506 487 572 dc
509 506 596 575 villis
618 506 739 575 nostris
760 506 862 575 Patek
886 512 920 575 et
942 507 1105 575 Radonicz
1126 528 1185 593 pro
1208 512 1297 576 certa

109 613 324 695 peccuniarum
344 630 480 692 summa,
504 630 566 693 que
583 611 690 678 omnia
711 609 848 679 inferius
869 611 905 677 in
927 612 996 679 suis
1017 614 1146 697 punctis
1162 618 1196 679 et
1208 613 1296 680 clau·

109 716 175 784 solis
205 716 326 783 clarius
356 714 590 795 describentur,
619 715 694 798 Jure
714 714 954 799 ‘emphiteotico
985 717 1054 783 sive
1087 718 1186 799 civili,
1210 718 1296 799 quod

108 822 257 904 vigariter
285 818 461 901 poddaczie
490 822 705 901 nuncupatur,
739 838 811 886 cum
844 820 931 887 omni
964 820 1115 888 libertate
1145 827 1180 887 et
1209 840 1295 887 oom-

106 926 182 993 noni
205 926 382 1004 voluntate,
405 921 522 1004 qrribus
538 921 674 989 aliarum
689 922 849 990 dictarum
864 924 1014 991 villarum
1029 924 1135 993 incole
1157 930 1296 992 utuntur

106 1034 132 1095 et
149 1028 334 1113 pociuntur,
357 1045 415 1109 per
438 1026 570 1093 eosdem
600 1032 635 1092 et
658 1044 769 1093 eorum
791 1028 927 1095 heredes
950 1047 988 1095 ac
1010 1047 1216 1097 successores
1236 1031 1293 1097 ha-

105 1136 217 1201 bendos
238 1137 273 1199 et
294 1131 506 1215 possidendos
529 1131 590 1199 sub
613 1130 857 1200 condicionibus
878 1131 1110 1217 infrascriptis:
1132 1134 1177 1200 Et
1191 1134 1293 1217 primo

104 1236 245 1305 diachoni
267 1238 308 1303 de
330 1235 492 1303 Radonicz
514 1235 720 1302 vendidimus
737 1235 813 1319 jure
835 1254 899 1318 quo
924 1257 1024 1321 supra
1047 1239 1088 1303 15
1098 1240 1214 1322 jugera
1236 1258 1293 1305 seu

103 1343 274 1409 strichones
296 1340 381 1409 male
402 1339 594 1407 hereditatis
626 1341 684 1408 sub
708 1346 817 1407 monte
839 1340 981 1425 Byethin
1003 1342 1090 1409 circa
1112 1342 1294 1408 communia

102 1465 213 1530 pascua
236 1452 270 1512 et
292 1445 447 1529 4jugera
468 1445 503 1509 in
524 1444 607 1525 loco,
640 1445 696 1528 qui
725 1444 843 1511 dicitur
865 1445 1070 1529 Brzychotin,
1093 1467 1164 1513 cum
1188 1446 1293 1513 ortulo

102 1556 130 1617 et
157 1549 316 1619 salicibus
346 1549 586 1617 continentibus
613 1550 696 1617 bene
727 1568 826 1617 unum
861 1549 1057 1617 stricbonem
1090 1549 1290 1618 hereditatis.

103 1655 174 1723 Item
196 1652 361 1721 Merssoni
384 1652 505 1721 ibidem
536 1655 577 1721 de
598 1653 764 1721 Radonicr
796 1654 998 1721 vendidimus
1021 1656 1041 1719 9
1062 1656 1177 1739 J'ugera
1200 1674 1292 1737 agro·

103 1778 164 1827 mm
179 1757 331 1827 similiter
344 1759 380 1825 in
394 1758 466 1824 loco
481 1758 569 1826 dicto
585 1757 789 1842 Brzyehotin.
810 1757 854 1825 Et
867 1759 925 1825 isti
940 1760 1014 1840 duo,
1030 1759 1180 1825 videlicet
1197 1758 1292 1825 Mach

102 1866 276 1933 etMarsso
305 1863 347 1930 de
368 1863 543 1947 Redonica,
577 1865 649 1930 loco
683 1863 848 1930 solucione
878 1862 952 1948 [sie]
976 1883 1090 1931 census
1118 1863 1237 1929 debent
1259 1869 1293 1929 et

102 1974 244 2039 tonantur
277 1967 371 2037 annis
396 1969 540 2051 -rmgulis
574 1969 607 2035 in
640 1972 850 2052 perpertuam
883 1969 904 2035 2
934 1973 1028 2050 prata
1057 1972 1170 2035 nostra
1201 1972 1291 2035 trans

102 2072 208 2143 lumen
230 2074 275 2139 cd
297 2072 420 2141 curiam
442 2071 574 2139 Olenios
598 2072 782 2155 spectancia
804 2072 873 2139 suis
895 2072 1062 2139 laboribus
1084 2079 1119 2137 et
1139 2074 1290 2156 expensis

101 2174 288 2261 inlecebrare,
310 2178 463 2246 videlicet
484 2182 612 2261 pratum
643 2176 741 2243 situm
774 2176 808 2243 in
833 2177 939 2243 medio
962 2176 1027 2243 luci
1051 2176 1119 2244 eive
1141 2177 1288 2261 pomerii,

101 2286 128 2347 et
143 2283 226 2351 illud
249 2287 341 2349 tenet
361 2280 424 2366 bl,
444 2282 556 2365 jugem
591 2286 625 2347 et
654 2279 833 2349 secundum
866 2287 994 2364 pratum
1024 2301 1175 2364 magnum
1205 2282 1290 2349 circa

101 2384 210 2455 limites
233 2387 322 2471 prati
343 2384 475 2469 plebem
496 2386 537 2451 de
559 2385 733 2467 Redonicz,
755 2385 842 2467 quod
864 2387 954 2468 capit
979 2388 1015 2452 17
1035 2387 1161 2469 jugera.
1207 2386 1289 2451 Item

101 2492 295 2559 vendidimus
328 2488 455 2558 Guboni
486 2491 608 2558 ibidem
642 2489 683 2556 de
718 2490 882 2559 Redonicz
921 2493 963 2557 10
991 2490 1108 2573 jugera
1140 2509 1289 2573 agrorum

98 2593 235 2675 jacencia
256 2596 380 2689 ibidem
403 2596 436 2661 in
451 2594 646 2679 Brzychotin
664 2614 764 2677 penes
786 2614 881 2678 agros
904 2595 1090 2677 Marssonis,
1115 2595 1171 2678 qui
1193 2594 1290 2661 debet

100 2706 125 2767 et
143 2706 276 2771 tenetur
297 2701 363 2767 duo
377 2705 472 2784 prata
492 2704 606 2767 nostra
619 2699 817 2782 falcastrare,
840 2718 902 2783 que
924 2704 1080 2766 vocantur
1094 2697 1283 2783 Petrussyni
1299 2726 1321 2767 r.
1344 2731 1367 2769 ιι

99 2804 175 2891 laky,
199 2808 395 2875 submonte
424 2806 511 2875 dicto
541 2804 666 2890 Swyna,
696 2804 845 2873 tenencia
867 2805 902 2872 in
924 2823 1075 2872 mensura
1100 2807 1139 2871 13
1157 2805 1282 2888 jugera.

99 2910 170 2979 ltem
191 2910 333 2981 Jarkoni
356 2911 395 2977 de
410 2911 512 2977 Patek
534 2909 738 2978 vendidimus
754 2911 819 2976 duo
830 2910 947 2993 jugera
961 2911 1021 2976 sub
1043 2914 1153 2976 monte
1168 2907 1286 2975 1111111

100 3019 274 3101 etreptem
292 3014 410 3100 jugera
431 3033 503 3081 cum
526 3014 633 3083 medio
663 3013 697 3080 in
720 3014 792 3080 loco
815 3013 902 3081 dicto
925 3013 1046 3097 drahy3
1080 3014 1135 3094 qui
1159 3016 1288 3078 tenetur

96 3118 279 3189 falcastrum
302 3137 401 3186 unum
423 3124 551 3201 pratum
574 3124 723 3203 spectans
745 3119 779 3185 in
801 3116 930 3185 Olenicn
953 3118 1076 3184 dictum
1092 3117 1159 3184 Pod
1182 3115 1286 3197 skalu,

95 3225 172 3306 mod
203 3227 297 3292 tenet
328 3224 370 3291 10
394 3224 509 3307 jugera
538 3222 573 3289 in
601 3241 761 3290 mensura.
807 3224 888 3289 Item
910 3221 1100 3306 Mamykoni
1122 3223 1161 3287 de
1183 3221 1287 3289 Patek

93 3328 292 3397 vendidimus
316 3328 356 3393 la
374 3328 491 3412 jugera
513 3328 572 3396 sub
596 3333 705 3395 monte
719 3328 846 3409 Lahov,
870 3327 925 3410 qui
949 3329 1076 3394 tenetur
1097 3326 1287 3393 falcastrare

91 3433 150 3501 duo
175 3437 277 3517 prata
302 3436 413 3500 nostra
440 3435 482 3499 cd
511 3432 634 3500 curiam
661 3438 804 3500 nostram
833 3433 869 3499 iu
894 3431 996 3499 Patek
1022 3432 1222 3514 spectanda:
1254 3436 1288 3497 et

91 3542 200 3605 tenent
220 3536 258 3603 in
279 3555 432 3604 mensura
456 3540 494 3604 18
513 3539 640 3622 jugera.
685 3537 749 3619 oui
774 3537 905 3619 quidem
927 3536 1074 3603 homines
1096 3537 1200 3602 nostri
1216 3536 1285 3618 jarn

88 3641 167 3709 dicti
188 3641 349 3709 cuiusuis
370 3642 610 3710 successoribus
625 3644 746 3710 debent
759 3646 793 3707 et
808 3645 960 3708 tenentur
973 3645 1067 3723 prata
1088 3643 1199 3707 nostra
1216 3640 1286 3722 jam

87 3746 173 3813 dicta
198 3748 272 3814 loco
302 3764 417 3814 census
447 3748 612 3815 solucione
635 3744 709 3832 [sic]
741 3747 834 3813 annis
865 3743 1001 3828 singulis
1031 3746 1064 3810 in
1094 3749 1284 3826 perpetuum

86 3850 270 3933 sumptibus
292 3850 361 3917 suis
382 3855 417 3918 et
437 3851 602 3921 laboribus
625 3853 725 3919 semol
744 3853 911 3918 dumtaxat
932 3850 967 3914 in
986 3867 1069 3917 anno
1085 3848 1282 3915 falcastrare.

86 3954 123 4023 Si.
141 3972 219 4020 vcro
241 3954 331 4023 dicta
352 3960 456 4039 prata,
479 3959 565 4039 quod
587 3956 683 4037 absit,
717 3975 774 4038 per
806 3955 978 4023 alivionom
1001 3959 1035 4021 et
1055 3953 1284 4021 inundanciam

84 4078 167 4143 aque
187 4060 243 4126 vel
266 4060 367 4126 alium
392 4059 569 4143 quemlibet
598 4062 728 4128 modum
758 4061 967 4126 destruantur
989 4060 1040 4124 vel
1062 4058 1145 4125 alias
1169 4058 1283 4137 quovis

84 4164 179 4231 modo
212 4168 392 4247 mutentur,
426 4168 504 4234 tunc
537 4164 655 4250 prelati
689 4165 835 4232 hominos
868 4168 903 4231 ct
936 4175 1046 4230 eorum
1077 4180 1283 4232 successoros

83 4273 181 4335 emnt
200 4266 298 4339 nobis
320 4272 355 4335 et
376 4269 617 4338 successoribus
640 4270 759 4337 nostris
776 4267 907 4336 obnoxii
928 4272 962 4336 et
983 4267 1110 4335 astricti
1132 4268 1173 4333 ad
1196 4269 1282 4337 solu-

83 4372 208 4441 cionem
231 4373 460 4457 omnimodam,
493 4378 589 4455 prout
618 4374 676 4439 alii
708 4374 823 4440 harum
855 4373 1005 4441 villarum
1035 4373 1141 4439 incole
1175 4372 1215 4439 de
1242 4372 1280 4460 ¹1,

81 4478 223 4561 anomali
252 4478 297 4547 ad
326 4476 525 4547 solucionem
555 4479 648 4547 nobis
680 4479 876 4561 obligantur,
931 4475 1127 4561 Solventque
1164 4477 1283 4560 prefati

1143 4585 1174 4634 11
