2894 4890
1211 212 1273 277 2117

138 434 143 467 ²
178 424 242 491 Jan
270 424 385 493 Lehon
413 426 456 491 de
484 428 556 493 orto
581 426 680 493 debet
704 430 825 489 metere
857 430 878 485 b
900 426 981 503 dies,
1008 426 1048 489 12
1070 424 1178 489 suloos
1200 424 1276 489 etl

48 598 53 607 ,
150 538 153 543 “
202 528 286 597 dare
306 534 448 609 tenetur,
478 528 587 595 lenum
609 546 812 611 compono-re,
847 546 922 589 avus
946 528 1053 593 lavare
1076 534 1109 593 et
1133 528 1276 607 tondere,

133 624 138 633 '
177 649 233 699 nm
254 632 427 699 extrahere
448 636 484 699 et
503 636 525 699 t
547 632 618 701 dies
639 634 674 699 in
697 632 865 699 obstaculo
900 632 1057 697 laborare.
1103 632 1184 699 Item
1208 630 1275 695 Ma·

139 728 144 733 ’
185 736 260 803 [rud
280 738 325 803 de
346 742 420 805 orto
441 738 540 805 debet
561 740 726 805 meteret
748 738 818 803 dies
841 738 994 817 tsulcos,
1017 736 1125 801 lenum
1148 754 1276 817 compo

153 892 162 923 ,
183 857 265 907 oves
286 842 398 909 lavare
419 843 621 925 attondere,
644 860 803 925 cenapum
827 842 1005 907 extrahere.

104 956 118 975 ·'
176 946 263 1011 ltem
285 946 517 1013 wenczeslaus
539 952 632 1013 sutor
651 948 693 1013 de
715 948 738 1009 s
760 946 976 1013 strichouihus
999 945 1048 1009 vel
1073 944 1154 1009 citro
1183 944 1275 1007 hore·

96 1046 190 1117 hans
212 1050 316 1117 (lebet
328 1054 452 1115 metere
477 1052 517 1117 10
534 1050 616 1131 dies,
641 1052 681 1117 12
701 1050 817 1129 sulcos,
840 1050 949 1115 lenum
972 1066 1174 1129 eoruponere,
1197 1064 1274 1111 ortes

95 1152 183 1221 sure
197 1158 235 1221 et
249 1155 399 1235 tondere,
413 1172 569 1237 cenapum
585 1155 754 1221 extrahere
771 1160 865 1237 prout
882 1152 938 1217 ulii
953 1152 1102 1234 superius
1117 1153 1273 1217 annotati.

172 1258 260 1325 Item
284 1258 470 1343 Stephanus
490 1258 589 1325 habet
612 1260 633 1323 a
656 1259 836 1325 strichones
859 1258 1060 1337 hereditatis,
1091 1256 1188 1321 dehet
1209 1274 1275 1319 ma·

94 1366 145 1431 tre
167 1364 207 1429 11
232 1364 322 1445 dies,
348 1364 386 1429 11
410 1366 519 1431 sulcos
540 1368 575 1429 st
595 1364 617 1427 3
638 1363 708 1429 dies
731 1362 765 1428 iu
797 1362 966 1429 obstaculo
999 1362 1156 1427 laborare.
1202 1362 1276 1425 Alia

93 1468 181 1535 tuuis
211 1472 253 1533 ut
283 1468 488 1549 supranotati
518 1468 618 1535 debet
647 1468 805 1535 laborare.
850 1468 931 1531 item
965 1467 1096 1531 solvunt
1124 1464 1275 1531 deurrrius

92 1568 211 1639 hnales
235 1572 343 1655 perti
364 1572 515 1639 balenses
537 1571 676 1653 quilibet
697 1572 840 1653 ipsorum
863 1570 1000 1651 siugulis
1023 1572 1126 1635 aunis.

173 1674 462 1759 Priulleglum
485 1692 613 1759 super
634 1674 894 1757 emphiteosi
916 1673 1026 1739 dicte
1050 1674 1149 1737 ville
1171 1674 1276 1739 Stra-

48 1826 51 1833 .
92 1776 248 1845 lemica.

170 1884 211 1949 In
234 1883 370 1951 nomine
391 1886 524 1951 domini.
562 1884 674 1949 Amen.
712 1884 872 1961 Quoniam
910 1881 1048 1947 humane
1083 1878 1273 1961 fragilitatis

49 2032 51 2037 ,
91 1986 223 2053 condicio
246 1986 366 2069 nequit
387 1986 496 2053 omnia
518 1988 705 2054 memoriter
732 1987 883 2067 retinere,
917 1985 1045 2049 videtur
1079 1982 1167 2065 rutile,
1202 2002 1276 2049 oou-

91 2108 190 2159 enum
211 2096 253 2157 et
274 2110 418 2173 necesse,
440 2096 479 2157 ut
499 2112 549 2174 ea,
572 2110 636 2174 qno
657 2092 699 2157 ab
722 2090 906 2155 horninibus
935 2090 1078 2155 notanda
1110 2094 1275 2171 geruntur,

90 2196 238 2279 scripture
260 2196 407 2279 presidio
429 2198 498 2263 sive
527 2196 660 2263 testium
690 2194 897 2261 amminiculo
926 2194 1120 2261 roborent-nr
1149 2196 1191 2260 ad
1221 2214 1276 2277 ge·

90 2302 199 2367 summ
222 2300 416 2367 memoriam
438 2302 676 2383 sempiternam.
719 2299 803 2365 Hinc
824 2303 884 2379 est,
907 2300 992 2377 quod
1014 2317 1074 2364 nos
1098 2298 1276 2368 Conrodus.

89 2400 186 2469 lirina
207 2408 247 2471 et
268 2404 450 2487 apostolice
479 2404 566 2471 sedis
595 2402 802 2485 providencia
825 2403 935 2484 abbas,
968 2400 1144 2469 Mauricius
1178 2400 1276 2485 prior,

88 2504 193 2575 labus
216 2508 381 2591 supprior,
412 2506 604 2592 Gymramus
627 2507 849 2592 cel[l]erarius,
873 2508 1001 2588 Sbinco,
1024 2512 1131 2573 rector
1152 2509 1277 2591 capello

89 2610 320 2695 ScllErhardi,
342 2612 486 2680 lacobus
499 2613 699 2695 pitanciarus
721 2616 875 2694 totusque
899 2616 1075 2678 conventus
1089 2612 1278 2677 monasterii

88 2717 199 2783 nantis
222 2714 313 2799 Syon
335 2715 418 2781 alias
440 2716 689 2783 strahowiensis
711 2736 812 2799 prope
828 2714 964 2799 Pragam
988 2717 1110 2783 ordinis
1126 2718 1278 2783 Premou-

89 2819 255 2887 stratensis
274 2822 342 2884 tam
356 2820 397 2885 ad
411 2821 613 2902 presencium
637 2840 733 2902 qnam
755 2820 936 2886 iutumrum
960 2821 1114 2888 noticiam
1130 2825 1278 2888 volumus

88 2920 244 3003 devenire,
279 2924 367 3005 quod
388 2924 557 3007 cupientes
578 2926 698 3007 prelati
721 2924 824 2989 nostri
846 2926 1036 2991 rnouasterii
1058 2926 1277 2991 condicionem

88 3022 186 3093 iacere
208 3027 390 3109 meliorem,
421 3028 531 3094 habito
553 3029 639 3095 inter
660 3046 721 3093 nos
743 3032 882 3093 tractatu
904 3033 938 3092 ot
960 3028 1096 3094 oonsilio
1118 3028 1277 3109 diligenti,

89 3146 121 3194 er
141 3136 234 3199 certe
256 3136 369 3198 nostra
391 3134 531 3199 sciencia
553 3133 663 3199 villam
686 3138 829 3198 nostram
852 3131 1052 3197 Stmdomioz
1081 3132 1277 3198 nominatam

89 3232 270 3317 locavimus,
307 3238 515 3318 exposuimus
545 3240 579 3301 et
609 3237 810 3301 vendidimus
840 3235 914 3317 jnre
947 3236 1178 3319 emphiteatico
1210 3238 1278 3303 sive

90 3336 180 3421 civili,
214 3339 305 3421 quod
325 3340 489 3421 vulgariter
509 3340 684 3423 poddacnle
708 3340 790 3404 alias
821 3338 1004 3407 hunffreoht
1025 3341 1145 3405 (licitur
1165 3345 1199 3405 et
1221 3360 1278 3405 uo·

90 3442 237 3524 minamur,
259 3442 443 3509 hominibus
465 3446 588 3511 nostris
611 3446 679 3511 sive
705 3445 921 3527 hmetonibus,
943 3446 1093 3511 videlicet
1115 3444 1278 3527 Jesskoni,

90 3542 236 3629 leukoni,
259 3546 411 3630 Johsuui,
434 3550 597 3631 Jesshoni,
620 3551 787 3630 llenessio,
816 3550 980 3632 Kubkoni,
1012 3548 1117 3630 Cruci,
1145 3549 1278 3628 Jacobo,

91 3646 246 3732 Hodanio,
268 3650 374 3733 Petro,
403 3653 499 3719 vidue
521 3653 637 3734 Ancne,
661 3652 815 3735 Witkoui‚
837 3654 988 3735 Antonio,
1019 3653 1170 3733 Martino,
1200 3652 1279 3735 de-

92 3752 186 3829 alane,
209 3752 381 3837 Mauricio,
415 3756 597 3837 Duchhoui,
621 3754 722 3837 Nede,
744 3757 890 3838 Pesconi,
913 3757 1006 3837 Sebe,
1029 3757 1190 3837 Mathoni,
1212 3757 1280 3821 wi-

90 3860 185 3941 tonlo,
208 3858 306 3925 Petne
327 3860 432 3942 vidue,
455 3859 684 3941 Nede,·Gruci,
706 3860 903 3941 Thomiconi,
926 3860 1097 3926 Maozkonl
1119 3864 1277 3925 eteorum

90 3960 261 4029 heredibus
291 3964 504 4029 etheredum
539 3984 669 4030 suorum
699 3966 939 4031 successoribus
961 3968 995 4027 et
1016 3963 1165 4047 posteris.
1210 3964 1279 4041 Que

90 4069 217 4147 quidem
250 4068 329 4133 villa
361 4072 452 4134 tenet
484 4074 517 4133 et
548 4070 647 4134 habet
668 4070 710 4137 22
731 4069 843 4135 laneos
876 4069 917 4134 de
949 4086 1032 4133 novo
1065 4072 1277 4149 mensuratos,

90 4171 223 4251 quilibet
252 4190 329 4238 vero
357 4174 471 4239 laneus
501 4176 591 4239 tenet
612 4178 646 4238 et
668 4173 756 4255 capit
780 4175 823 4237 72
841 4173 958 4255 jugera
989 4173 1056 4238 sive
1086 4171 1277 4240 strichones.

91 4272 272 4353 Quamlibet
295 4280 402 4343 autem
425 4277 552 4343 laneum
576 4276 780 4341 vendidimus
798 4296 857 4357 pro
875 4278 916 4342 10
930 4294 1036 4359 sexag.
1061 4294 1107 4358 gr.
1130 4294 1277 4361 pragens.

86 4376 158 4461 jure
179 4379 379 4447 hereditario
402 4382 443 4446 ab
465 4383 513 4447 eis
535 4386 570 4445 et
590 4381 736 4461 qrrolibet
758 4396 869 4447 eorum
890 4386 1046 4463 perpetue
1064 4382 1278 4465 possidendos

89 4500 159 4549 sum
181 4486 364 4565 enumeris,
385 4486 545 4566 domibus,
567 4487 670 4569 aquis,
693 4487 806 4567 pratis,
833 4486 914 4551 ortis
936 4490 969 4551 et
991 4488 1121 4569 pascuis
1142 4487 1278 4557 inferius

1294 860 1318 899 P.
1332 864 1378 899 221.
