2910 4896
1178 218 1240 283 297

84 432 149 513 gun
168 432 259 501 annis
280 432 322 499 cle
343 434 487 516 predicto
508 434 690 499 molendino
716 431 916 497 inhabitator
938 429 1036 496 solvit
1059 431 1099 493 12
1123 431 1249 493 strenas

84 537 143 603 scu
162 539 229 604 siue
251 537 431 604 stricbones
454 555 611 615 mensure,
645 540 741 616 prout
773 535 820 601 sol
854 538 1069 613 mensuratur,
1100 533 1134 597 in
1167 530 1249 597 festo

84 638 332 724 iuslumpcionis
347 641 408 707 Bte
423 639 563 721 Virginis
579 638 692 718 Marie,
715 643 813 720 prout
834 638 934 703 eciem
957 638 992 701 in
1010 635 1179 717 privilegio
1202 639 1251 699 te·

85 743 237 809 stimoniali
256 743 394 810 iuferius
416 744 538 823 scripto
562 741 753 807 continetur.

163 847 442 929 Privilegium
464 864 591 925 super
614 845 835 909 solucione
857 843 963 909 salis
985 843 1025 907 in
1046 841 1252 907 Pontensi

88 949 261 1016 civitate.

162 1053 230 1121 Nos
256 1052 417 1119 Henricus
441 1055 551 1136 judex,
577 1052 762 1118 Woitherus
788 1052 912 1135 Largus
942 1052 1093 1133 magister
1121 1049 1252 1129 ciuium,

86 1154 216 1223 Nicotaus
239 1156 353 1236 Golde,
388 1157 503 1224 Petrus
526 1158 671 1239 Steyner,
705 1155 833 1221 Vir-icus
855 1154 1062 1236 Wendbrant,
1095 1152 1253 1219 Hemicus

87 1256 182 1341 tibus,
214 1259 381 1342 Adolphus
414 1260 635 1339 Paternoster,
669 1259 833 1325 Fridricus
866 1258 1025 1337 carnifex,
1058 1256 1254 1322 Theodricus

87 1359 230 1444 boberter,
251 1364 458 1430 ¹Pencholdus
488 1365 644 1445 piscator,
674 1363 818 1444 Trozquo
848 1365 935 1427 circs
963 1368 1107 1444 portam,
1138 1359 1254 1423 Hemi-

89 1481 130 1529 cus
148 1466 373 1548 Springinsgut
406 1472 439 1531 et
470 1467 627 1532 Henricus
659 1466 821 1547 Zwicliuk,
855 1467 978 1533 scabini
1000 1472 1034 1532 et
1052 1464 1155 1548 jurati
1177 1462 1254 1529 civi·

88 1570 146 1635 tatis
174 1569 377 1651 Brrmcensis,
400 1576 512 1636 tenore
541 1570 744 1653 presencium
767 1572 896 1652 publice
918 1575 1146 1652 protestamur,
1169 1567 1255 1648 quod

89 1666 224 1739 Hemicus
257 1672 500 1757 Springinsgut,
538 1676 619 1739 civis
654 1679 773 1756 noster,
807 1676 944 1757 singulis
981 1674 1073 1740 annis
1106 1673 1141 1737 in
1172 1670 1255 1735 festo

90 1774 342 1860 isisbmpoionis
356 1778 495 1859 gloriose
510 1778 653 1861 Virginis
669 1779 772 1843 Mario
786 1785 915 1846 tenetur
930 1780 969 1843 cle
984 1777 1165 1842 molendino
1188 1793 1256 1854 suo,

91 1876 187 1945 uuam
208 1899 308 1962 super
335 1881 490 1965 Belynam
523 1889 599 1947 ante
631 1888 757 1963 portam
787 1884 902 1963 Locus,
935 1881 1074 1946 dominis
1095 1877 1256 1959 religiosis

90 1977 220 2051 iambus
253 1984 294 2049 de
323 1984 502 2052 Strahowia
534 1987 567 2051 in
598 1987 729 2052 civitate
761 1993 873 2054 nostre
904 1984 1082 2050 Bruxcensi
1114 1983 1191 2047 dare
1224 1986 1258 2045 et

92 2090 253 2163 presentare
280 2088 318 2151 12
342 2092 469 2155 strenas
491 2089 578 2154 salis.
623 2091 660 2155 ln
682 2091 780 2156 huius
811 2092 860 2157 rei
881 2089 1014 2154 evidens
1036 2085 1257 2153 testimonium

92 2192 177 2255 nostre
198 2191 342 2257 civitatis
366 2192 509 2273 sigillum
541 2194 745 2274 presentibus
775 2200 826 2260 est
848 2210 1037 2276 appensum.
1082 2191 1202 2255 Datum
1225 2193 1259 2253 et

93 2295 188 2461 iffi]
206 2295 244 2360 in
271 2294 360 2359 Brux
392 2314 476 2361 anno
498 2298 621 2363 domini
649 2295 916 2377 M⁰CCC⁰XXIH,
950 2300 1064 2378 quarto
1093 2294 1257 2359 Kalendas

187 2397 266 2465 bris.

172 2503 278 2569 Item
301 2504 419 2570 curia
439 2505 630 2590 Petrzyn.

170 2607 251 2673 Item
273 2606 308 2673 in
330 2613 440 2675 monte
459 2609 587 2676 Petrzin
619 2617 762 2679 estimo
791 2613 881 2677 curia
910 2610 1006 2677 unius
1039 2612 1177 2687 oraturo,
1201 2606 1259 2671 sed

96 2720 137 2783 per
154 2712 262 2777 vineas
284 2712 325 2777 de
348 2730 430 2778 novo
452 2716 614 2795 plantatos
637 2721 672 2781 et
691 2717 834 2799 lapidum
856 2716 1017 2781 fracturas
1039 2713 1146 2779 estin
1168 2713 1260 2793 parto

96 2810 238 2883 bimrata.
260 2816 306 2881 Et
320 2821 370 2881 est
391 2818 576 2898 notandum,
599 2821 686 2901 quod
704 2840 815 2888 omnes
830 2821 923 2886 vinee
945 2823 1053 2885 monte
1074 2819 1109 2885 in
1122 2817 1260 2897 Petryno

96 2908 215 2985 burn
236 2920 328 2987 curia
349 2920 524 3005 al[l]odiali
544 2923 690 3006 plantate
719 2925 771 2990 vel
800 2925 888 3009 [que]
919 2924 1026 2989 adhuc
1046 2924 1261 3002 inposterum

98 3016 313 3105 couniuntur,
343 3024 463 3093 debent
489 3032 524 3093 et
551 3032 705 3095 tenentur
734 3029 874 3095 decimas
895 3029 963 3094 uini
985 3028 1061 3093 dare
1082 3028 1115 3088 et
1138 3022 1261 3088 solvere

98 3120 236 3207 tunquam
257 3128 398 3193 dominis
425 3130 517 3196 fundi
546 3135 720 3199 secundum
750 3135 879 3199 modum
912 3137 946 3197 et
974 3148 1103 3196 cursum
1125 3127 1262 3192 aliarum

98 3222 248 3315 ibenium,
280 3236 316 3297 et
339 3238 415 3299 sunt
435 3235 665 3320 privilegiato]
696 3257 769 3303 cum
790 3238 908 3303 litteris
929 3233 1076 3317 magistri
1090 3230 1262 3310 monoium,

99 3340 208 3404 iuomm
230 3335 403 3418 privilegia
422 3338 558 3407 inferius
581 3347 656 3406 sunt
678 3343 719 3407 de
733 3343 831 3407 verbo
854 3341 1048 3407 adverbum
1071 3335 1261 3416 conscripta.

173 3439 457 3525 Privilegium
480 3463 604 3526 super
626 3447 749 3511 vines
771 3446 792 3513 J
801 3445 981 3512 ohannis
1005 3442 1112 3509 dicti
1130 3438 1265 3506 Berka

99 3530 313 3611 ¹111Petrino
335 3550 377 3611 et
396 3547 605 3616 iohannis
628 3551 736 3618 dicti
756 3552 882 3617 Nohs.

173 3650 333 3717 Noverint
346 3651 499 3735 universi,
522 3656 608 3736 quod
621 3674 682 3739 ego
698 3656 812 3721 Petrus
828 3656 868 3721 de
882 3654 1089 3732 Zelakowicu,
1111 3649 1265 3730 magister

100 3754 236 3821 nuncium
256 3755 424 3823 uinearum
447 3775 529 3823 nove
551 3760 766 3840 plantacionis
781 3762 902 3826 circum
917 3760 1052 3841 Progam
1075 3759 1109 3819 et
1130 3755 1264 3818 circum·

101 3849 165 3921 droa
183 3863 252 3927 toto
280 3860 316 3925 in
336 3861 497 3943 districtu,
530 3868 643 3929 tenore
675 3867 876 3948 presencium
906 3864 1033 3946 publice
1061 3873 1264 3938 recognosco,

102 3961 166 4035 onoc
183 3965 338 4031 honestus
360 3966 410 4031 vir
430 3965 595 4035 iohannes
617 3971 722 4037 dictus
735 3971 843 4035 Berka
864 3970 991 4035 vineam
1006 3982 1097 4033 suam
1120 3962 1160 4027 de
1183 3977 1264 4024 novo
1279 3974 1357 4015 nate

102 4058 253 4135 biantatam
276 4070 336 4137 sub
369 4088 453 4135 anno
486 4073 610 4139 domini
631 4072 961 4155 M⁰[OCC]LXXXV⁰,
984 4071 1079 4136 sitam
1101 4067 1136 4131 in
1157 4067 1265 4130 monto
1288 4140 1291 4147 ¹
1353 4110 1356 4115 .

103 4154 205 4237 Petrina
225 4191 328 4255 penes
345 4174 473 4241 vineam
485 4176 613 4244 Nicolai
634 4179 719 4245 fabri
740 4183 832 4259 parte
854 4197 894 4241 ex
911 4194 976 4242 una
995 4177 1124 4239 etretro
1139 4171 1265 4234 uincam

106 4274 306 4343 nonuncium
328 4277 369 4345 de
391 4278 485 4347 Plass
514 4287 605 4362 parte
628 4284 763 4364 exalia,
792 4282 861 4364 jam
895 4282 1013 4345 dictam
1041 4277 1168 4340 vineam
1190 4291 1266 4335 ven-

107 4366 168 4441 ituit
185 4386 217 4447 ct
232 4382 325 4465 justo
363 4382 460 4448 titulo
489 4388 687 4453 vendicionis
717 4405 822 4453 coram
853 4405 903 4450 me
926 4381 1103 4463 resignavit
1125 4381 1266 4447 discreto

109 4472 157 4543 iiic
173 4482 311 4553 Johsnni
332 4487 420 4553 dicto
441 4489 536 4553 Noha
568 4496 601 4554 et
624 4491 827 4573 Margarethe
859 4490 962 4572 ipsius
992 4485 1162 4552 karissime
1193 4500 1267 4547 con·
