2894 4890
587 1066 658 1134 VII.

85 1239 294 1334 IIGISIRUII
324 1239 514 1333 flemme
543 1237 783 1332 mmmm!
814 1236 1184 1334 BRIIWNUWIIIISIS

265 1502 267 1506 Α
311 1365 415 1459 Atto
446 1361 627 1457 Mcttcve
656 1360 941 1457 mmmmm.

134 1577 237 1642 Primo
271 1580 502 1644 monesterium
535 1577 870 1643 Brewnewiense
901 1583 934 1642 et
969 1578 1107 1643 11111111
1129 1596 1222 1658 pere·
1245 1595 1267 1636 1.
1282 1595 1314 1636 e.

67 1677 146 1745 ehielis
168 1702 192 1746 e.
216 1683 388 1748 Benedicti
410 1684 496 1748 intre
519 1689 611 1764 septe
633 1683 821 1747 monasterii
843 1681 988 1762 predicti.

136 1785 214 1851 Item
238 1789 329 1869 euria
351 1789 418 1871 Tyn
431 1790 457 1871 ¹)
481 1793 554 1852 ente
578 1787 809 1851 monesterium
833 1804 904 1851 eum
927 1785 1052 1850 duabus
1075 1784 1224 1849 araturis.

135 1890 214 1955 Item
239 1897 309 1956 tete
332 1893 419 1958 wille
440 1891 633 1956 Brzewniow
656 1894 689 1955 et
710 1887 847 1955 feodalis
869 1890 903 1954 111
927 1889 1040 1954 eedem
1061 1887 1148 1954 villa.

135 1995 213 2059 Item
238 2000 328 2060 ortus
351 1996 478 2061 Mende.

137 2099 215 2166 Item
240 2106 330 2166 ortus
352 2101 486 2167 humuli.

137 2202 215 2270 Item
240 2210 330 2269 ortus
353 2202 544 2269 Sindelenis.

139 2306 218 2374 Item
241 2301 516 2392 ertus'KIysonis.

138 2410 215 2477 Item
238 2406 345 2479 medie
367 2414 445 2479 ville
466 2412 607 2478 Zbuzan.

137 2514 214 2582 Item
239 2518 330 2583 curie
351 2500 561 2596 M'Ireesieze.

137 2616 215 2684 Item
238 2620 345 2687 medie
368 2622 446 2686 ville
469 2619 671 2702 Gyneezeny.

140 2722 216 2787 Item
240 2723 411 2790 totavilla
433 2722 654 2788 Trzebonicze.
737 2734 741 2739 ’
775 2713 779 2721 ’

85 2828 88 2833 ’
139 2826 216 2891 Item
238 2831 308 2893 tota
330 2828 408 2892 villa
431 2827 548 2909 Zeppy.

139 2929 218 2995 Item
240 2937 310 2997 tota
332 2933 410 2996 ville
432 2932 542 2996 Ruzen
566 2933 599 2993 et
622 2929 712 2993 eum'e
734 2947 807 2993 eum
829 2928 850 2992 5
873 2928 1022 2993 araturis,

142 3034 221 3099 Item
243 3040 314 3100 tote
336 3038 413 3100 ville
436 3036 572 3118 LybeeZ,
597 3034 736 3098 ecclesie
759 3039 791 3097 et
813 3031 959 3097 feodalis.

140 3134 218 3204 Item
240 3140 410 3204 totavilla
432 3136 661 3219 Veleslewin³)
685 3141 719 3202 et
740 3137 804 3201 duo
826 3136 979 3203 feodales.

140 3242 218 3308 Item
240 3247 311 3308 teta
334 3244 411 3307 villa
434 3243 575 3324 Smkyn,
599 3241 738 3308 ecelesia
759 3246 793 3307 et
814 3239 960 3323 feodalis.

143 3345 221 3410 Item
244 3346 351 3412 medie
376 3346 452 3411 ville
473 3345 707 3414 Trzebowimk.

142 3451 221 3515 Item
243 3450 413 3515 totavilla
436 3448 520 3515 Hell.

143 3553 220 3620 Item
243 3560 313 3621 tete
336 3555 413 3620 villa
434 3554 608 3636 Vgeedeez.

142 3661 221 3725 Item
244 3664 315 3725 tota
338 3660 414 3724 ville
436 3661 558 3724 Thmen
581 3664 615 3725 et
636 3658 783 3725 feodalis.

141 3765 221 3830 Item
244 3769 314 3829 tote
336 3764 413 3830 villa
435 3764 655 3848 Bratrewyeze
678 3769 712 3829 et
734 3765 797 3830 duo
820 3764 949 3832 allodia.

140 3871 220 3936 Item
243 3869 347 3935 maior
370 3889 444 3952 pars
468 3870 543 3935 ville
565 3869 695 3936 Nebdin
717 3874 750 3934 et
773 3870 919 3936 ecelesia.

139 3976 221 4040 Item
245 3979 314 4040 tote
337 3975 415 4038 ville
436 3975 630 4040 Kamenieze
654 3978 687 4039 et
708 3973 854 4041 feodalis.

141 4080 223 4143 Item
246 4082 316 4143 tote
339 4079 416 4143 villa
438 4077 541 4161 Hrdly
564 4082 597 4143 et
619 4078 709 4143 curie
732 4096 805 4142 eum
828 4076 953 4169 duebue
977 4077 1127 4142 araturis.

67 4223 244 4238 μ..-

91 4313 113 4380 ι)
138 4306 204 4381 Tyn'
216 4311 284 4366 elias
302 4309 413 4380 Teynek
430 4309 464 4363 in
483 4308 553 4364 eod.
572 4317 596 4364 2.

90 4398 114 4467 ²)
142 4398 277 4470 Miressye
294 4397 402 4453 ibidem.

90 4488 115 4555 ·)
140 4484 293 4556 Veleslewy
311 4486 346 4540 in
364 4484 434 4541 ced.
453 4490 477 4540 1.
