2910 4896
1214 157 1254 223 91

104 371 167 434 ertu
193 371 337 452 proxima
370 376 446 436 ante
475 371 594 436 festum
626 369 736 436 Sancti
768 369 855 435 Galli
891 367 1081 434 confessoris
1115 366 1259 449 eggregii

103 466 135 555 [11
154 473 231 558 Oct]
255 480 366 540 nostro
388 476 429 540 de
452 494 620 541 consensu.

169 579 248 643 Item
267 597 350 644 anno
370 579 492 644 domini
511 578 700 645 millessimo
717 577 942 644 trecentesimo
960 575 1174 658 octuagesimo
1183 573 1260 640 VIII

100 678 227 747 doninica
239 681 356 747 Letare
369 678 401 767 [8
413 681 523 765 Mart]
535 683 733 748 constitutus
745 700 852 747 coram
864 681 956 746 nobis
969 680 1119 746 Mstislao
1131 678 1258 759 abbate,

97 779 213 850 Jobonne
228 785 316 850 dicto
333 783 459 866 Sczrba
483 790 619 867 protunc
633 787 824 852 monasterii
838 785 1012 867 preposito,
1028 783 1127 849 Torua
1137 781 1258 864 jndice,

97 882 232 954 Vibnassa
265 892 299 953 et
331 886 478 954 Johanue
512 908 550 953 ac
582 890 811 968 Tomesskone,
854 888 1042 954 consulibus
1072 887 1112 951 de
1145 884 1259 964 Donet

48 1032 53 1039 -
95 987 221 1074 1111666,
246 992 332 1075 olym
355 997 464 1057 noster
486 988 739 1076 monasteriique
773 993 877 1057 nostri
900 991 1054 1069 notarius,
1085 990 1186 1055 libere
1209 992 1260 1052 est

96 1094 238 1193 muscosus
273 1095 425 1191 similiter
440 1097 564 1187 :modis
590 1098 746 1187 ,omnious
780 1098 896 1179 quibus
934 1093 1260 1193 supralvu'ondidisse

48 1222 50 1227 ·
94 1186 156 1277 ua
170 1204 211 1266 a
231 1198 336 1266 rubero
360 1182 532 1279 &macta
550 1182 657 1293 artam
679 1202 714 1266 n
738 1188 956 1283 Daiei'jnxta
978 1190 1114 1264 nonan*
1127 1194 1262 1261 naara

48 1308 50 1349 ἵ
70 1324 74 1329 ·
96 1305 222 1386 pauperis
237 1305 518 1387 hominisaparte
531 1307 645 1370 dextra
657 1307 697 1370 de
713 1304 859 1389 0p[p}ido
875 1305 981 1370 eundo
998 1308 1032 1368 et
1046 1302 1174 1368 finalem
1190 1320 1261 1365 cnm

48 1446 50 1451 ,
95 1422 137 1471 mo
156 1409 272 1474 horreo
295 1409 418 1474 ibidem
441 1413 626 1474 constructo
654 1413 694 1491 et
716 1414 785 1473 orto
819 1407 945 1473 humuli
975 1407 1125 1472 similiter
1147 1406 1193 1472 ibi
1214 1405 1262 1469 in-

94 1509 169 1577 clusis
183 1513 326 1578 discreto
342 1511 567 1595 Przemysloni‚
584 1513 646 1576 civi
657 1510 796 1594 predicti
811 1500 898 1592 opidi
913 1512 1017 1576 Dauel
1029 1515 1062 1576 et
1076 1509 1265 1575 monasterii
1280 1533 1286 1544 ·

48 1616 49 1621 ’
96 1616 174 1680 nocui
195 1615 334 1697 noterio,
357 1621 391 1681 et
413 1617 482 1682 suis
505 1616 679 1681 heredibus
703 1617 744 1682 ad
766 1620 955 1698 perpetuam
978 1620 1013 1680 et
1033 1600 1263 1680 hereditariam

94 1719 628 1802 (6666661616166663661616116
656 1725 702 1785 'ot'
726 1721 769 1785 10
789 1736 835 1801 gr.
858 1732 947 1801 prag.
981 1719 1090 1784 denar.
1114 1716 1208 1799 plene
1232 1722 1264 1781 et

96 1819 200 1906 integre
224 1824 266 1889 ab
288 1823 361 1906 ipso
383 1829 617 1906 perceptorum.
663 1823 711 1888 De
734 1823 851 1904 quibus
881 1823 988 1887 dietus
1013 1822 1081 1904 jem
1103 1810 1266 1904 Piremy'st-

94 1926 403 2010 tcliterdisponitet
424 1929 553 1993 ordinat
576 1929 751 1993 secundum
786 1930 822 1991 ut
843 1927 884 1991 de
906 1928 1000 1991 domo
1015 1916 1083 1991 'sua
1102 1926 1138 1990 in
1159 1922 1264 1989 Dauel

95 2045 141 2108 quo
160 2052 267 2115 supra,
292 2033 443 2097 similiter
465 2033 506 2097 de
529 2038 616 2097 certa
639 2038 752 2097 nostra
774 2031 976 2122 consciencia
996 2035 1031 2094 et
1052 2040 1219 2096 consensu.

48 2178 50 2189 ·
125 2146 138 2183 ³¹
162 2138 281 2203 ¹brino:
295 2135 419 2202 domini
431 2130 631 2202 ‘millesimo'
651 2136 879 2201 trecentesimo
910 2133 1129 2216 octuagesimo
1142 2148 1147 2183 ἰ
1160 2136 1264 2215 primo
1276 2163 1298 2204 n.
1312 2163 1358 2204 ac.

94 2256 182 2305 comm
202 2240 298 2306 nobis
321 2239 487 2305 Mstisslao
510 2240 627 2306 abbate
647 2232 818 2304 Martinus
830 2238 936 2303 dictus
952 2232 1081 2303 Vibicbl
1103 2238 1145 2302 de
1166 2236 1268 2301 Owen

93 2339 295 2409 bnamma·
311 2347 346 2408 et
364 2343 510 2426 jussione
533 2349 644 2409 nostro
664 2343 852 2408 intromisit·
869 2360 906 2407 se
927 2343 968 2406 de
990 2336 1264 2423 orphanis-*qnon-

92 2443 151 2510 dom
171 2447 263 2513 Pauli
283 2449 324 2512 de
348 2446 448 2512 Owen
478 2453 511 2512 et
541 2448 580 2513 (16
610 2447 704 2511 bonis
737 2448 890 2527 ipsorum.
936 2445 1007 2523 Quo
1030 2445 1165 2524 quidem:
1181 2444 1267 2508 bona

91 2552 312 2628 ptr-discretos
333 2551 422 2616 virus
438 2550 568 2633 juratos
590 2550 738 2616 strabos
772 2549 902 2614 vicinos.
929 2547 1061 2613 fuerunt
1093 2548 1135 2611 ad
1157 2548 1266 2612 decern

93 2664 182 2736 mugi
202 2654 459 2738 (ζων-611666-
483 2655 525 2719 15
553 2672 599 2737 gr.
630 2659 750 2718 taxata
796 2652 963 2718 Prodictus
997 2668 1073 2718 vero
1103 2651 1268 2728 ¹Martinus

92 2754 196 2834 debuit,
218 2760 363 2840 quodet
385 2758 471 2840 fecit,
505 2758 668 2840 predictos
691 2756 851 2838 orphanos
874 2755 981 2820 fovere
1003 2774 1101 2837 super
1121 2756 1268 2837 predicta

92 2858 166 2927 bora·
174 2863 377 2944 ipsorummet
391 2862 531 2943 quinque
555 2879 665 2942 annos,
690 2864 763 2943 post
787 2860 929 2941 quinque
949 2878 1050 2924 anuos
1065 2878 1140 2925 vero
1156 2856 1269 2924 debuit

93 2967 214 3032 uendere
246 2968 333 3033 bonu
367 2966 474 3031 omnia
508 2967 549 3030 ad
584 2971 691 3030 texam
724 2964 814 3046 prius
845 2964 1041 3028 nominatam
1071 2968 1104 3027 et
1133 2962 1268 3027 eandem

95 3086 234 3136 summam
256 3071 394 3153 pecunie
415 3070 501 3135 inter
515 3070 682 3135 discretus¹
695 3069 783 3137 uiros
806 3073 991 3133 convertere
1013 3065 1188 3133 honorifice
1210 3083 1267 3146 pro

95 3166 473 3256 utilitate-orphanorum·
494 3171 564 3236 sine
597 3172 815 3245 diminucione
848 3172 987 3252 miquo„
1002 3171 1061 3236 sed
1082 3170 1169 3251 quod
1189 3170 1269 3250 ipsis

95 3275 468 3367 ulterius-*ddonesoemt
485 3276 572 3356 quod
584 3275 883 3356 ettecitpreposuit
896 3275 1037 3340 et'dedit
1050 3275 1137 3345 iuter
1150 3273 1270 3339 discre-

95 3382 136 3445 tos
149 3382 229 3449 viros
251 3400 350 3463 super
369 3397 484 3445 census
506 3384 540 3443 et
561 3397 692 3443 usuram
713 3380 754 3443 ad
771 3385 839 3444 tres
862 3398 972 3445 anuos.
995 3378 1117 3444 Videns
1139 3382 1214 3443 vero
1227 3382 1271 3442 zet

88 3485 214 3553 6111666
225 3485 392 3552 dominus·
404 3484 511 3549 abbas·
536 3483 710 3563 predictus,
745 3484 832 3563 quod
865 3484 1011 3564 predicta
1042 3483 1181 3562 peanum
1213 3500 1271 3562 per

97 3603 209 3656 usurum
221 3589 461 3676 a[c]cresceret,
474 3586 620 3668 precepit
632 3591 665 3650 et
679 3585 847 3651 mandauit
854 3585 999 3666 predicto
1013 3584 1164 3664 Martina-
1185 3584 1271 3664 eumd

96 3693 209 3761 cundem
230 3692 405 3778 pecuniam
420 3706 616 3771 congregare
636 3689 825 3754 et··insimul
839 3707 994 3769 reponere
1016 3688 1110 3753 circu·
1123 3685 1270 3753 scabinos

96 3796 135 3861 uel
152 3798 232 3867 circa
262 3820 299 3866 se
333 3797 375 3863 de
410 3798 498 3859 certa
528 3791 669 3857 sciencia
698 3791 871 3872 proborum
902 3792 1068 3856 homiuum
1097 3808 1200 3871 usque
1229 3791 1271 3853 ad
1286 3832 1305 3855 ..2
1349 3822 1355 3851 t

96 3902 325 3986 “deusdonae
342 3898 493 3981 ‘predicti
516 3897 660 3978 orphani.
673 3894 956 3976 non==penrenient,
985 3894 1017 3963 si,
1035 3891 1271 3974 vero;1predicti

96 4004 204 4084 onnam
217 4026 298 4090 sepe
314 4003 440 4071 dictum
455 4001 632 4066 Martinum
647 4001 687 4065 (16
703 3999 952 4084 a[c]cresceneia
967 3997 1102 4078 pecunie
1118 3995 1271 4067 infossa

94 4108 327 4196 ubtmrpnoa
335 4105 757 4184 uoroabomnibusipsum
768 4099 1270 4187 intestam-uolentibustacimus

93 4205 202 4287 liberum
227 4223 266 4284 et
292 4212 449 4280 solutum.
1133 4246 1159 4257 -ι
1266 4230 1271 4251 2
