2894 4890
84 190 149 255 264

85 404 119 463 et
139 415 251 465 eorum
274 402 513 467 successoribus
536 404 676 482 quatuor
696 402 809 468 laneos
824 418 883 483 pro
896 420 934 466 re
947 402 1079 483 publica
1092 400 1320 483 ecpasnuansz-

84 503 203 584 partim
219 503 357 585 singulis
371 504 458 571 villis
473 502 645 588 an[n]cris,
665 507 751 585 quod
772 505 937 587 vulgariter
959 507 1121 588 obcnyzna
1142 523 1205 571 seu·
1222 506 1320 588 potiti

84 613 182 691 stwyc
216 608 410 690 nominatur,
444 609 479 674 in
511 613 621 674 monte
655 609 742 675 dicto
765 610 881 691 Byctin
911 615 1036 690 partem
1066 611 1223 677 maiorem
1240 596 1320 677 utba-t

82 729 182 794 prope
204 711 307 777 Patek
337 712 372 779 in
400 714 472 778 loco
494 714 583 779 dicto
606 713 725 778 Lshow
760 718 894 795 partem
918 715 1145 789 minoremet
1178 713 1320 797 propetis

82 816 281 883 Stradomicz
303 818 524 898 promontoria
546 819 679 898 inculte,
710 817 801 884 silvis
831 819 952 883 nostris
984 823 1018 883 et
1038 816 1166 885 rubctis
1186 812 1286 885 domu
1302 836 1320 879 ·;·.ι

81 924 172 986 texat
205 923 357 1004 exceptis.
403 921 519 988 Modus
552 925 661 987 autem
695 921 783 987 circa
815 941 882 987 rem
915 922 1079 1004 publicam
1102 927 1137 988 et
1158 914 1317 1006 pascuiis

82 1027 248 1091 nominata
270 1027 347 1092 talis
371 1026 443 1108 erit,
477 1026 631 1092 videlicet
653 1027 740 1107 quod
763 1027 927 1108 campccia
949 1027 1038 1092 dicte
1060 1027 1165 1110 drshy
1190 1026 1284 1093 clius
1308 1046 1320 1089 c

82 1131 206 1213 prohcn
229 1131 374 1212 quelibet
395 1132 555 1197 dictarum
577 1130 728 1195 villarum
751 1131 947 1197 universitas
968 1132 1003 1196 in
1026 1132 1096 1196 suis
1121 1130 1283 1197 limitibml
1310 1152 1320 1195 s

82 1238 115 1298 et
137 1233 410 1300 circumferenciis
433 1235 539 1301 faeere
562 1235 681 1301 debcnt
702 1237 770 1301 lata
792 1241 826 1300 et
848 1236 948 1318 lsrgc,
970 1235 1020 1299 itu
1041 1235 1129 1317 quod
1144 1250 1280 1317 peccora
1311 1254 1320 1297 s

81 1343 193 1405 nostra
216 1339 284 1405 sive
306 1340 466 1421 peccudes
481 1358 554 1404 cnm
571 1339 645 1406 aliis
661 1340 812 1405 villarum
828 1339 1018 1422 peccoribus
1032 1344 1067 1403 ot
1081 1338 1283 1420 peccudibns
1314 1362 1320 1403 r

81 1448 115 1509 ct
138 1443 312 1525 separatim
342 1444 469 1526 possint
498 1444 575 1511 duci
597 1449 631 1509 et
652 1444 730 1527 pelll
753 1446 795 1509 ad
816 1445 1014 1526 pascendum
1037 1443 1108 1508 sinc
1137 1442 1282 1526 dampno

82 1553 115 1613 et
136 1548 367 1630 inpedimento,
390 1553 425 1613 ct
446 1553 561 1615 mutuo
583 1567 717 1632 pascere
739 1549 859 1614 debent
880 1550 915 1615 in
936 1548 1017 1614 locis
1040 1547 1283 1613 nominatisde
1316 1604 1319 1609 .

84 1652 185 1719 Patek
216 1654 249 1718 in
279 1654 479 1720 Strsdomicz
508 1658 542 1719 et
572 1654 611 1718 dc
644 1653 845 1720 Stradomicz
867 1654 902 1718 in
923 1652 1027 1718 Patck
1048 1657 1082 1716 ct
1104 1650 1280 1717 deomics
1318 1676 1320 1683 ’

82 1761 116 1822 et
137 1757 300 1823 ricoverus
323 1759 363 1823 de
384 1758 560 1824 Radomicn
581 1757 616 1822 in
632 1757 734 1822 Patek
749 1761 783 1822 et
797 1755 1005 1839 Strsdomicn,
1029 1774 1125 1838 quem
1147 1756 1280 1822 modum

85 1861 239 1941 pascendi
261 1862 451 1927 inconcusse
474 1867 507 1927 et
530 1861 601 1928 sinc
623 1861 702 1928 rixis
719 1862 944 1928 observabunt.
966 1859 1142 1927 Peccuniss
1158 1864 1279 1939 autem,

82 1966 116 2029 in
138 1965 255 2047 quibus
277 1965 372 2031 nobis
395 1985 453 2049 pro
476 1966 572 2032 dictis
596 1966 716 2032 nostris
739 1966 833 2031 bonis
856 1965 1049 2046 obligantur,
1083 1964 1216 2029 solvent
1241 1963 1282 2029 -in'

81 2068 228 2133 terminis
250 2069 449 2135 subnotatis:
480 2068 514 2134 in
547 2068 779 2152 carnisprivivc
810 2086 868 2135 scu
891 2068 1052 2134 dominica
1069 2068 1154 2134 Esto
1178 2067 1282 2134 michi-

83 2171 221 2253 qnilibet
241 2173 327 2237 lanei
349 2175 455 2239 cultor
477 2175 582 2241 solvet
595 2176 617 2239 3
632 2192 738 2256 sesag.
762 2190 835 2239 cum
853 2174 894 2238 10
905 2186 953 2255 gr.
968 2178 1011 2237 et
1031 2173 1067 2237 in
1088 2171 1154 2238 alio
1170 2171 1279 2251 carnis

81 2276 194 2358 privio,
229 2276 313 2359 quod
336 2277 400 2341 erit
420 2277 454 2341 in
478 2296 563 2342 anno
586 2276 708 2341 domini
730 2273 980 2341 M⁰cccnxxv
1003 2276 1109 2341 solret
1140 2275 1280 2357 quilibet

82 2380 163 2445 alias
178 2381 199 2444 3
214 2399 321 2463 sesag.
339 2400 385 2464 gr.
408 2399 482 2447 eum
506 2382 548 2446 10
569 2401 615 2463 gr.
638 2386 673 2445 ct
694 2381 729 2446 in
749 2381 961 2464 carnisprivio
984 2380 1108 2455 ultimo,
1130 2379 1194 2447 boc
1216 2380 1281 2445 erit

81 2485 116 2550 in
149 2503 233 2550 anno
266 2485 388 2551 domini
420 2483 704 2566 M⁰cccnxxvl,
737 2484 875 2568 quilibet
907 2486 1011 2551 solvet
1043 2485 1177 2550 ultimas
1210 2488 1280 2549 tres

82 2607 188 2671 sesag.
212 2607 286 2654 cum
310 2591 352 2657 lo
373 2608 419 2672 gr.
444 2595 478 2666 et
499 2594 577 2656 tunc
606 2593 772 2672 presentes
806 2591 916 2655 littere
947 2591 988 2655 ed
1010 2603 1122 2656 corum
1144 2586 1285 2655 vanient-

81 2698 286 2776 potestatem.
331 2695 369 2759 ln
393 2693 485 2759 cuins
507 2695 555 2760 roi
577 2693 799 2762 testimonium
821 2700 857 2760 et
877 2696 977 2760 robur
998 2697 1154 2776 perpetue
1176 2692 1278 2758 tirmi-

80 2799 159 2864 tatis
183 2801 349 2879 presentes
371 2798 500 2866 litteras
522 2797 702 2880 sigillorum
727 2803 911 2863 nostrorum
931 2804 965 2863 et
978 2797 1096 2881 sigillis
1117 2796 1277 2863 nobilium

81 2903 283 2968 dominorum
305 2901 471 2969 Wilhelmi
491 2904 533 2969 dc
555 2898 757 2985 Hozenburg,
787 2902 912 2968 Alberti
935 2903 975 2967 de
998 2901 1170 2985 Slcwietyn
1200 2918 1276 2965 nco-

81 3024 146 3073 non
175 3008 284 3090 sigillo
313 3006 455 3073 civitatis
478 3006 638 3073 Lunensis
663 3007 821 3089 jussimus
851 3006 1050 3071 communiri.
1096 3005 1218 3071 Datum
1241 3006 1276 3069 in

80 3112 277 3177 monasterio
309 3117 419 3179 nostro
453 3112 600 3194 predicto
623 3130 707 3177 snno
731 3109 854 3176 domini
876 3107 1173 3190 Muccurum,
1198 3106 1277 3174 v11⁰

81 3216 133 3280 die
156 3217 277 3284 mensis
300 3216 477 3284 Februarii.
620 3220 624 3225 '

182 3320 464 3402 Privilegium
487 3320 606 3385 aliud
629 3336 758 3403 super
780 3336 859 3384 uno
882 3318 1073 3399 quartuli
1102 3316 1275 3384 heredi·

81 3423 186 3488 tatis
209 3424 250 3490 in
273 3423 481 3491 Radonicn
504 3423 709 3507 sequitur.

181 3527 370 3592 lu-nomine
391 3527 524 3592 domini.
557 3526 669 3593 Amen.
703 3529 771 3593 Nos
794 3525 971 3610 Comedus,
1001 3525 1110 3594 divina
1129 3531 1174 3592 -ct
1196 3545 1273 3608 apo-

80 3632 194 3697 stolice
210 3631 296 3699 sedis
311 3633 519 3715 providencia
535 3631 643 3713 abbas,
667 3631 844 3698 Mauricius
858 3634 956 3715 prior,
978 3631 1095 3698 Petrus
1110 3631 1272 3712 supprior,

81 3738 272 3821 Gymramus
294 3736 515 3825 cel[l]ersrius,
535 3735 662 3819 Sbinco,
686 3742 792 3802 rector
813 3737 936 3819 capelle
958 3737 1027 3804 Soti
1048 3735 1197 3815 Erbsrdi,
1217 3735 1274 3800 Ja-

81 3843 179 3909 ccbus
208 3844 421 3925 pitanciarius
449 3847 603 3924 totusque
633 3846 809 3908 conventus
830 3841 1020 3907 monasterii
1038 3839 1162 3906 Montis
1185 3837 1272 3923 Syon

80 3948 162 4014 alias
185 3946 432 4013 Strahouiensis
462 3967 562 4030 prope
585 3948 720 4031 Pragam
744 3947 867 4013 ordinis
889 3944 1199 4011 Premcnstrstcnsis
1220 3962 1272 4009 rc-

80 4054 302 4135 cognoscimus
324 4071 431 4118 coram
455 4054 614 4119 universis
636 4057 669 4118 et
691 4053 838 4134 singulis,
861 4051 1066 4133 presentibus
1088 4054 1122 4113 et
1142 4048 1273 4129 futuris,

80 4159 165 4238 quod
198 4157 438 4224 considerantes
468 4156 642 4238 dampnum
670 4174 730 4237 per
751 4156 944 4222 alluvionem
976 4174 1014 4222 sc
1043 4152 1274 4219 inundcncianr

81 4276 162 4341 aque
195 4262 381 4326 bominibus
412 4260 531 4325 nostrIs
563 4260 597 4325 in
621 4258 698 4325 villa
721 4258 894 4325 deomicn
927 4261 1106 4341 impetuose
1138 4256 1272 4337 fectum,

80 4348 226 4430 dedimus
250 4366 296 4429 eis
319 4369 353 4430 et
374 4364 577 4446 presentibus
599 4363 756 4429 donamus
784 4381 882 4429 unum
912 4380 1058 4429 mansum
1087 4378 1146 4428 seu
1159 4392 1162 4399 ·
1175 4380 1274 4444 quor·

79 4467 145 4531 tale
166 4466 360 4549 hereditatis
380 4470 489 4530 nostre
511 4467 611 4530 libere
626 4482 738 4529 versus
760 4465 893 4531 fluvium
907 4473 942 4532 et
955 4468 1042 4532 circa
1055 4466 1273 4533 hereditatem
