2910 4896
1217 132 1281 198 oto

103 334 270 399 convontus
292 328 413 399 ibidem
435 330 601 412 cupientes
632 334 851 400 condicionem
873 336 1064 402 monasterii
1086 339 1191 405 nostri
1212 358 1283 421 pne-

100 434 173 503 dicti
192 434 299 503 facere
321 435 489 503 meliorem
511 455 550 502 oc
572 439 693 503 statum
725 436 802 504 ville
831 444 942 506 nostre
972 441 1006 506 in
1028 439 1229 525 Hrzywczica
1250 445 1284 509 in

98 540 207 608 melius
229 543 437 622 commutare,
459 540 645 624 locavimus,
676 543 879 611 vendidimus
903 564 997 626 agnos
1020 546 1108 611 dicte
1129 546 1206 613 ville
1229 547 1285 615 bo-

97 644 230 714 minibus
245 662 305 713 seu
318 644 435 713 incolis
450 643 484 712 in
499 647 612 713 cadem
628 646 705 713 villa
719 644 937 715 residentibus
956 649 1030 732 jure
1045 649 1284 732 emphiteotico‚

97 750 176 834 quod
198 749 362 831 vulgariter
382 749 558 832 purkreeht
579 750 709 832 dicitur,
733 752 792 818 sub
808 752 1050 819 condicionibus
1072 752 1285 836 infrascriptis

96 852 259 937 signanter
279 854 451 937 expressis,
473 853 625 922 videlicet
647 857 733 938 quod
755 857 795 922 de
815 858 961 939 quolibet
982 859 1075 924 laneo
1099 859 1284 924 continente

96 960 134 1028 82
154 958 337 1027 stricbones
365 958 538 1042 Pragensis
572 979 723 1027 mensure
757 961 882 1027 solvent
913 961 1007 1027 uobis
1030 965 1064 1027 et
1086 962 1283 1029 monasterio

92 1067 201 1131 nostro
223 1061 369 1145 predicto
404 1062 572 1129 annuatim
606 1066 625 1129 2
659 1083 785 1131 marcos
819 1082 933 1146 graves
966 1084 1013 1146 gr.
1048 1071 1282 1147 argenteorum,
1389 1056 1394 1066 ’

93 1166 133 1233 64
152 1186 200 1251 gr.
223 1162 374 1250 pragens.
408 1185 468 1249 pro
500 1185 608 1233 marca
641 1168 787 1249 qualibet
816 1170 1040 1250 computando,
1075 1169 1227 1237 videlicet
1248 1172 1281 1235 in

91 1270 170 1337 festo
192 1268 225 1337 S.
249 1269 336 1337 Gelli
358 1271 501 1354 proxime
524 1270 695 1353 adflatum
715 1292 812 1337 unam
830 1291 971 1338 marcam
990 1292 1120 1355 gravem
1143 1292 1189 1356 gr.
1211 1292 1282 1355 pre-

92 1375 250 1441 dictorum
272 1379 307 1441 et
327 1375 363 1440 in
383 1374 468 1442 festo
490 1375 522 1443 S.
546 1375 678 1458 Georgii
711 1377 885 1442 immediate
909 1379 1059 1458 sequenti
1082 1379 1283 1443 tantumdem

90 1479 180 1546 uobis
198 1483 234 1546 et
251 1476 450 1547 monasterio
467 1482 579 1547 nostro
599 1480 737 1563 singrdis
761 1480 857 1547 annis
875 1480 1061 1563 persolvent
1081 1482 1168 1548 omni
1190 1500 1282 1548 occa-

92 1583 179 1650 sione
201 1602 260 1651 seu
282 1578 494 1650 excusatione
516 1584 736 1666 proculmotis.
785 1585 829 1650 Et
851 1585 872 1650 4
893 1603 1053 1651 messores
1077 1586 1117 1651 de
1139 1586 1283 1668 quolibet

91 1688 180 1755 laneo
201 1687 290 1755 omni
312 1707 397 1755 suno
417 1707 476 1771 pro
495 1689 587 1753 curia
608 1689 765 1755 tenebunt
783 1688 990 1773 es[s]ignsue,
1014 1694 1048 1754 et
1070 1693 1166 1755 erunt
1186 1689 1282 1755 liberi
1356 1687 1360 1694 '

92 1796 121 1857 et
141 1792 284 1860 absoluti
313 1792 609 1875 aquibuscumque
639 1792 947 1873 contribucionibus,
982 1793 1137 1876 collectis,
1161 1791 1281 1860 sternis
1380 1852 1385 1859 .

92 1914 143 1963 sco
175 1895 262 1979 aliis,
286 1914 487 1978 quocumque
509 1898 638 1963 nomine
661 1901 863 1977 censeantur,
888 1900 1023 1979 excepto
1044 1898 1145 1964 berna
1166 1898 1279 1980 rogali,

92 2017 148 2082 quc
168 2000 299 2082 publice
331 2018 389 2083 per
420 2000 492 2067 fors
523 2002 751 2082 proclamatur,
782 2001 959 2066 dumtaxat.
1004 2001 1086 2067 Item
1116 2000 1281 2068 habebunt

92 2122 184 2171 mom
204 2105 337 2171 hunum
359 2124 418 2187 pro
437 2104 582 2186 ‘pascuis
610 2105 705 2186 Juxta
735 2104 815 2170 fines
845 2123 995 2186 agrorum
1029 2107 1115 2172 dicte
1147 2106 1224 2173 ville
1245 2106 1279 2172 iu

94 2207 208 2292 Byetyn
232 2211 268 2275 et
288 2226 438 2291 campum
462 2227 672 2291 communem,
706 2227 764 2291 per
793 2226 889 2290 quem
919 2228 996 2290 grex
1017 2204 1170 2293 inviatur,
1193 2208 1281 2292 quod

94 2313 246 2396 vulgariter
277 2313 396 2380 dicitur
417 2313 528 2396 draby.
573 2315 710 2395 Insuper·
739 2313 904 2380 habebunt
938 2317 1065 2379 montes
1098 2318 1132 2380 et
1152 2313 1278 2395 -fossos,

96 2417 169 2495 qood
190 2420 322 2500 sbcuye
344 2422 511 2498 vocantur,
534 2436 591 2499 pro
607 2418 737 2499 pascuis
753 2419 860 2502 gregis
876 2438 986 2485 eorum
1008 2417 1079 2484 sine
1101 2418 1279 2500 preiudicio

96 2517 162 2586 silve
177 2525 213 2588 et
226 2519 363 2603 piscine.
386 2521 562 2589 Habebunt
579 2522 684 2589 eciam
703 2521 819 2604 fossas,
843 2524 878 2589 in
900 2524 1018 2606 quibus
1040 2541 1197 2605 canopum
1212 2541 1278 2591 ma-

95 2622 242 2693 didcbunt
263 2624 335 2691 siue
358 2627 496 2708 dampno
511 2626 644 2708 piscine.
675 2625 850 2696 Habebunt
865 2628 968 2694 eciam
986 2627 1041 2710 jus
1058 2626 1201 2693 civitatis
1215 2626 1278 2693 Lu-

96 2730 191 2797 nensis
213 2728 411 2811 improdicta
426 2729 514 2811 ville,
537 2730 594 2796 sed
617 2730 740 2797 nullam
762 2736 893 2814 propter
915 2732 976 2798 boc
1002 2732 1088 2799 cives
1111 2732 1278 2798 Lunenses

93 2828 344 2910 jodsdiccionem
367 2851 464 2916 super
488 2833 593 2900 dictos
607 2835 754 2902 homines
768 2835 942 2917 habebunt,
966 2856 1025 2903 nee
1040 2836 1088 2902 eis
1110 2835 1144 2902 in
1168 2836 1277 2917 aliquo

96 2937 306 3006 subiacebunt.
328 2936 442 3004 Eciam
454 2938 604 3006 denarios
622 2939 758 3007 fumales
772 2940 909 3024 predicti
924 2940 1080 3020 homines,
1093 2943 1189 3023 prout
1203 2957 1277 3006 con-

96 3045 210 3109 suetum
231 3045 286 3111 ost
305 3042 341 3109 in
363 3043 486 3111 diocesi
502 3044 666 3127 Prngensi,
688 3042 782 3111 nobis
802 3044 935 3110 solvent.
959 3045 1041 3110 ltem
1062 3043 1113 3109 bis
1135 3045 1170 3109 in
1192 3062 1276 3109 anuo

50 3202 52 3207 .
95 3145 427 3231 ocsonoutorjuoicio
437 3147 672 3229 presidebimus
683 3149 827 3231 generali
839 3147 1079 3230 preterjudicia
1093 3149 1276 3215 nostrorum

94 3246 226 3329 judicum
248 3270 308 3319 seu
328 3256 582 3334 procuratorum.
628 3253 710 3319 Item
743 3254 909 3320 habebunt
942 3253 1027 3319 mom
1060 3270 1119 3335 per
1151 3251 1275 3328 silvam,

96 3368 141 3432 lor
159 3372 258 3439 quam
277 3352 387 3422 fenum
409 3356 541 3423 ducitur
570 3357 611 3423 od
641 3358 773 3438 curiam,
808 3358 849 3423 cd
871 3356 1095 3425 deducendum
1117 3374 1275 3439 cenapum

96 3472 192 3527 comm
214 3460 258 3528 ad
278 3458 519 3527 madidandum.
542 3461 581 3526 In
603 3461 695 3528 cuius
716 3461 766 3527 rei
780 3461 1001 3529 testimonium
1024 3462 1133 3544 sigillo
1153 3465 1274 3542 nostro,

97 3562 206 3631 scilicet
227 3564 357 3633 abbatis
378 3568 412 3631 et
434 3566 536 3633 nostri
558 3571 742 3647 conventus,
767 3586 805 3632 ac
826 3568 967 3649 sigillum
987 3567 1129 3632 civitatis
1148 3566 1273 3631 Lunen-

97 3664 131 3731 su
157 3667 363 3751 presentibus
396 3673 473 3735 sunt
505 3689 657 3753 appensa.
713 3669 833 3737 Datum
867 3673 901 3737 in
933 3670 1128 3737 monasterio
1162 3673 1273 3737 nostro

97 3772 267 3852 supradicto
289 3790 375 3839 anno
397 3773 519 3840 domiui
534 3771 771 3841 M⁰cco⁰uxl⁰
793 3777 937 3858 proximo
959 3775 1041 3841 feria
1064 3775 1178 3856 quinta
1200 3778 1274 3857 post

97 3868 197 3943 testum
219 3874 253 3943 S.
277 3876 433 3958 Procopii.

183 3978 303 4048 Villa
324 3978 492 4048 Perucz.

142 4122 145 4127 ·
180 4085 264 4154 Item
296 4083 419 4152 ibidem
448 4090 524 4152 sunt
559 4087 598 4151 17
629 4088 715 4154 lanei
749 4088 919 4168 solventes,
951 4087 1024 4170 jure
1057 4085 1272 4154 theutunicali

99 4180 188 4275 locali,
209 4192 245 4257 et
265 4188 308 4256 de
329 4187 475 4271 quolibet
506 4191 601 4258 laneo
635 4212 693 4274 pro
723 4193 806 4259 festo
841 4190 871 4256 S.
897 4192 983 4257 Galli
1007 4192 1135 4256 solvunt
1157 4192 1200 4257 64
1223 4212 1269 4276 gu.

99 4292 271 4363 tltotidem
291 4310 352 4378 pro
373 4290 457 4361 festo
478 4292 510 4361 S.
527 4296 667 4379 Georgii.
691 4297 773 4363 Item
796 4296 836 4362 de
859 4295 1004 4377 quolibet
1025 4295 1119 4359 laneo
1142 4296 1272 4363 solvunt
1284 4313 1308 4355 u.
1321 4315 1367 4357 oe.

99 4390 302 4469 istrlchones
325 4396 486 4482 nements
509 4401 660 4468 videlicet
682 4404 701 4466 2
724 4401 834 4482 tritici,
868 4403 948 4466 duos
972 4399 1111 4481 siliginis
1134 4405 1168 4466 et
1189 4404 1269 4468 duos

1118 4523 1165 4574 rs*
