2910 4896
1205 184 1266 274 aar

117 426 200 493 Item
216 424 377 507 Georgius
392 424 491 491 habet
508 425 522 488 1
542 427 646 506 quart.
744 422 905 489 Martinus
928 420 1113 488 Pissczathe
1135 422 1234 486 habet
1252 424 1274 486 4

88 584 91 589 .
113 529 202 597 ltere
216 530 361 596 Jacohus
375 528 450 594 hab.
468 528 528 613 1¹l2
542 534 649 612 quart.
701 527 811 594 strich.
827 527 937 592 hored.

80 666 95 697 .;
119 632 333 702 ItemPetrns
349 631 491 701 Gelonus
514 631 646 700 habetl
745 630 892 697 Horasek
921 628 1020 695 habet
1048 629 1070 695 4
1092 629 1272 696 strichones

90 739 236 819 quartale.
701 734 904 802 hereditatis.

98 842 103 859 ·“
121 840 200 909 ltern
217 841 332 908 (lellus
347 840 447 907 habet
467 838 501 925 'ia
518 844 581 907 lon
745 840 829 907 Crux
844 841 985 905 Rzemen
1003 838 1102 903 habet
1122 837 1145 900 4
1160 837 1272 903 strich.

85 948 112 989 ·'
137 1004 140 1009 .
162 944 389 1013 Subsides:
702 943 905 1010 hereditatis.

121 1052 201 1117 llam
208 1050 572 1117 Dnchonhab.4strieh.
583 1048 649 1116 her.
749 1050 881 1115 Blassco
896 1047 995 1112 habet
1009 1045 1149 1111 4stricl1.
1164 1044 1271 1111 hened.

81 1276 101 1291 ..
127 1194 130 1199 Ι
152 1198 155 1203 ⁵
178 1200 467 1309 Privilegium
489 1225 605 1291 dicte
627 1226 735 1291 ville
758 1225 935 1291 Olenicz
958 1223 1167 1305 sequitur.

102 1400 117 1425 .-
176 1362 339 1431 Noverint
359 1361 503 1429 universi
537 1365 704 1444 presentes
734 1362 864 1428 litteras
893 1361 1083 1444 inspecturi,
1107 1361 1194 1442 qnod
1217 1379 1276 1427 nos

86 1466 204 1550 Petrum
227 1466 341 1533 divina
362 1470 395 1532 et
417 1466 593 1548 apostolice
616 1465 704 1532 sedis
735 1466 942 1548 providencia
963 1464 1064 1532 abbas
1087 1464 1275 1532 monasterii

87 1570 202 1639 nonus
219 1572 311 1655 Syon
331 1572 414 1637 alies
436 1571 683 1637 Strahouiensis
705 1571 829 1637 ordinis
844 1571 1154 1637 Premonstratensis
1174 1588 1275 1652 prope

85 1676 225 1759 Pragem
260 1674 319 1741 Pet
305 1680 376 1741 trus
404 1676 503 1758 prior,
537 1676 702 1741 lohannes
735 1675 885 1757 supprior
917 1680 1070 1756 totusque
1099 1676 1275 1740 conuentus

83 1778 212 1853 ibidem
223 1780 370 1845 volentes
392 1780 498 1844 lacere
520 1784 594 1845 nost
594 1778 623 1844 ri
655 1779 844 1845 monasterii
866 1778 1085 1846 condicionem
1108 1778 1274 1847 meliorem

87 1862 117 1949 et
135 1868 260 1951 tructus
282 1900 321 1949 cc
342 1880 449 1948 reddit
435 1888 488 1948 tus
514 1883 548 1947 in
570 1882 648 1948 villa
669 1887 744 1947 nost
744 1902 781 1947 ra
730 1881 890 1948 tdicta
905 1882 1037 1949 Olenicn
1054 1886 1273 1971 augmentare,

84 2005 174 2070 quam
197 1988 328 2070 quidem
344 1987 454 2052 villam
476 1987 654 2052 locavimus
676 1992 710 2051 et
724 1987 933 2069 exposuimus
952 1987 1026 2070 jure
1042 1986 1167 2070 emphit
1167 1986 1275 2051 eotico

85 2086 227 2157 decretu
241 2089 329 2156 -vlris
350 2090 535 2157 hominibus
556 2109 615 2156 seu
637 2090 784 2156 incolis
774 2110 808 2155 1n
830 2090 919 2156 dicte
940 2091 1019 2156 villo
1041 2091 1175 2156 Olenicz
1197 2090 1277 2155 resi-

79 2184 247 2277 -dontllmsss
269 2194 311 2261 de
333 2194 479 2277 quolibet
500 2195 596 2261 laneo
618 2196 826 2275 contingente
856 2194 1033 2277 nonaginta
1055 2180 1276 2261 tetrichones

85 2298 203 2367 nuum
224 2286 425 2367 eciam-'orto
438 2318 511 2365 cum
526 2304 621 2382 puato
643 2301 769 2366 solvent
783 2300 877 2366 nobis
899 2305 933 2364 et
947 2299 1145 2366 monasterio
1167 2303 1277 2364 nostro

87 2414 176 2485 cupre
196 2403 287 2471 dicto
307 2404 444 2487 singulis
466 2405 560 2470 annis
574 2405 705 2471 nomine
727 2424 842 2471 census
863 2422 961 2468 unam
983 2420 1123 2467 marcam
1147 2418 1276 2484 gravem

87 2524 159 2573 eum-
180 2507 326 2589 dlmidic,
362 2526 553 2591 sexagenum
582 2510 604 2573 4
637 2528 683 2591 gr.
717 2526 865 2590 pragens.
900 2526 957 2590 pro
991 2522 1099 2571 marca
1132 2504 1277 2587 qualibet

89 2612 303 2693 computanda
334 2612 459 2677 scilicet
479 2613 515 2677 in
537 2611 621 2677 testo
650 2614 682 2678 S.
705 2613 913 2694 Wenczesley
936 2610 1080 2693 proxime
1104 2608 1277 2694 alIfJuturo

89 2714 123 2779 tt
134 2722 180 2798 gr.
194 2716 298 2801 [recte
304 2715 363 2800 48]
371 2717 446 2781 etin
454 2717 539 2783 festo
547 2716 578 2782 S.
589 2717 723 2799 Georgii
732 2716 907 2782 inmediate
920 2715 1070 2796 sequenti
1076 2716 1278 2780 tantumdem

92 2818 173 2885 nobis
194 2824 233 2885 et
250 2820 450 2886 monasterio
463 2824 576 2886 nostro
592 2820 728 2902 singulis
744 2820 839 2886 annis
861 2840 920 2902 pro
935 2839 1034 2885 censu
1050 2819 1277 2901 assignabunt;

84 2924 117 2985 a
134 2912 353 2991 Satrichones
375 2942 476 2990 avene
498 2942 556 2989 seu
578 2924 667 2990 bladi
682 2924 926 2991 Slawatinensis
942 2940 1102 3001 mensure,
1126 2924 1277 2987 uidelicet

90 3014 304 3093 emonem
325 3027 466 3109 astruens
488 3032 524 3092 a
554 3028 690 3093 corus
723 3030 757 3093 n
788 3033 903 3093 octava
935 3026 1125 3091 uaesana
1154 3025 1278 3091 conso

89 3129 130 3194 ul
146 3129 241 3213 prius
263 3142 338 3197 cum
358 3132 382 3195 4
404 3132 503 3213 pullis
537 3135 571 3196 et
592 3133 636 3197 40
657 3150 719 3197 ovo
750 3134 793 3197 de
822 3130 967 3213 quolibet
999 3131 1094 3194 laneo
1118 3130 1211 3195 nobis
1234 3131 1276 3194 ed

86 3235 311 3301 numanum
332 3240 479 3301 noscam
513 3236 650 3318 singulis
683 3237 778 3302 annis
806 3254 917 3301 omnes
950 3235 1081 3299 insimul
1114 3222 1180 3299 uno
1201 3242 1276 3298 con-

82 3338 171 3403 textu
180 3334 559 3407 accommodabuntur
574 3339 662 3403 omni
676 3340 888 3406 excusatione
910 3356 970 3404 seu
983 3337 1142 3403 dilacione
1165 3326 1277 3419 procril

86 3434 184 3509 notis.
208 3442 358 3507 ‘Item-6
379 3458 540 3507 messores
573 3442 615 3506 de
644 3443 791 3523 quolibet
822 3443 918 3508 laneo
952 3460 1010 3523 pro
1044 3443 1135 3507 curia
1167 3447 1278 3508 nostru
1291 3466 1314 3506 n.
1327 3467 1352 3506 a

85 3542 215 3628 singulis
236 3544 334 3611 annis
356 3544 522 3627 assignare
556 3547 753 3612 tenebuntur
781 3544 816 3612 in
839 3564 965 3612 omnem
987 3550 1147 3612 eventum.
1194 3548 1275 3611 Item

82 3648 240 3731 do‘lignis
259 3649 304 3713 ad
327 3649 530 3715 obstaculum
552 3649 729 3715 molendini
758 3650 800 3714 de
833 3651 915 3716 silva
936 3655 1049 3716 nostra
1070 3650 1110 3713 dc
1126 3649 1279 3730 quolibet

80 3750 173 3815 laneo
185 3751 274 3817 sicut
287 3752 435 3818 lromines
448 3753 483 3817 in
499 3753 599 3819 Patek
622 3754 780 3819 adducere
796 3753 1000 3819 tenebuntur,
1025 3755 1106 3818 Item
1126 3753 1278 3819 denarios

76 3850 214 3922 unua
240 3872 331 3921 more
354 3861 509 3922 consueto
530 3857 564 3921 in
586 3858 710 3923 diocesi
732 3858 886 3940 Pragensi
908 3857 1002 3923 nobis
1025 3858 1158 3922 solvent.
1196 3856 1278 3920 Item

74 3956 400 4042 oppperznmomn
418 3960 473 4042 jus
494 3962 530 4025 in
551 3959 699 4042 predicta
720 3962 799 4026 uilla
821 3960 967 4026 homines
990 3960 1162 4025 habebunt.
1197 3958 1279 4025 Acta

79 4068 157 4129 sunt
177 4062 241 4129 nec
261 4058 303 4128 de
325 4078 484 4128 consensu
514 4063 712 4130 serenissimi
745 4063 902 4146 principis
924 4064 1047 4129 domini
1069 4063 1191 4144 Karoli,
1215 4064 1278 4128 Ro-

75 4182 252 4241 manorum·
279 4172 314 4230 et
344 4165 479 4231 Botmie
510 4167 607 4248 regis
643 4185 727 4232 anno
760 4168 883 4232 domini
912 4165 1089 4234 ΜϋΟΟΟΙιο
1117 4168 1221 4248 primo
1243 4167 1278 4232 in

75 4268 276 4339 mannos,
291 4268 379 4337 llitl..
393 4269 541 4336 Incuius
560 4269 610 4335 rei
624 4270 846 4337 testimonium
869 4270 979 4352 sigilla
1001 4274 1122 4351 nostra,
1141 4262 1279 4336 scilecet

74 4374 206 4443 abbate
226 4374 390 4445 etnostri
410 4377 598 4455 conuentus,
625 4378 660 4438 et
682 4374 825 4456 sigillum
856 4372 994 4457 op[p]idi
1024 4373 1184 4442 Lunensis
1206 4388 1278 4457 pre

74 4478 233 4547 mutibus·
245 4476 367 4545 litter-rs
391 4480 481 4545 sant:
489 4494 641 4559 appensa
1044 4528 1067 4533 ..
1104 4528 1107 4533 .
1241 4530 1244 4535 .
