2894 4890
1214 164 1278 269 ’(22

85 394 196 488 122222,
215 406 256 473 (12
291 406 437 490 quolibet
474 410 578 477 laneo.
624 410 705 477 Item
740 410 874 493 singuIIs
911 416 1050 495 quatuor
1085 412 1281 495 temporibus

90 506 235 574 tenemur
257 510 376 578 ducere
391 513 479 595 128222
493 532 552 596 pro
566 518 682 580 222222.
706 515 785 579 item
806 519 956 589 tenentur
970 517 1011 581 (12
1026 515 1171 598 quolibet
1185 514 1280 581 laneo

94 626 184 709 unum
215 631 347 682 currum
377 635 488 701 rapam
517 617 634 684 ducere
664 624 697 685 et
722 636 821 684 unum
843 618 928 684 diem
951 619 1117 685 bumulum
1140 636 1278 701 carpere.

95 712 165 779 Item
187 720 343 786 tenentur
364 739 422 802 pro
445 720 581 788 edificiis
602 722 692 804 118222
714 740 771 803 pro
795 727 899 787 castro
928 720 1043 787 (122222
1066 728 1100 786 22
1122 723 1162 785 ed
1184 739 1278 786 vena·

68 886 72 891 ,
98 816 209 885 donem
231 824 372 889 mansino
396 823 437 888 ad
459 823 625 906 burgravii
646 826 839 891 mandatum.

100 912 104 921 '
189 922 398 1009 Mycalen.

189 1027 278 1094 Villa
293 1030 437 1097 Misalow
452 1033 550 1098 habet
569 1034 710 1115 quinque
727 1035 836 1101 laneos
852 1035 957 1099 minua
972 1033 1121 1115 quartat,
1144 1033 1279 1116 quilibet
1360 1118 1363 1123 .

100 1130 182 1198 221212
205 1136 375 1200 annuatim
398 1136 439 1201 48
463 1156 520 1219 82.,
547 1139 587 1202 (12
610 1139 726 1219 quibus
748 1141 890 1207 silvanus
916 1143 1005 1204 tenet
1027 1141 1090 1205 trio
1111 1138 1282 1222 quartalia,

100 1235 145 1299 scd
166 1239 276 1302 tamen
299 1236 396 1304 debet
418 1241 584 1306 annuatim
607 1241 647 1305 dc
670 1241 736 1306 illis
756 1244 882 1320 solvere
905 1245 925 1310 8
948 1261 993 1325 gr.
1017 1243 1098 1309 Item
1121 1247 1197 1309 22222
1217 1243 1281 1308 (122

100 1337 244 1422 subsides,
268 1340 449 1426 dequibus
472 1363 555 1411 unus
578 1345 691 1411 subses
714 1347 811 1411 solvit
840 1348 1006 1414 annuatim
1028 1348 1050 1412 4
1072 1366 1117 1431 gr.
1141 1351 1175 1413 et
1197 1346 1281 1413 alius

66 1450 73 1459 “
100 1442 183 1508 solvit
204 1445 374 1510 2222221222
394 1448 414 1512 2
433 1466 492 1529 82.,
515 1448 572 1515 221
591 1451 762 1516 secundum
783 1450 949 1532 antiquum
965 1450 1137 1532 registrum
1152 1450 1283 1516 deberet

100 1546 211 1614 2212222
233 1549 257 1612 4
279 1567 326 1631 82.
351 1550 432 1616 Item
453 1552 494 1618 de
517 1552 678 1619 bernado
701 1554 846 1635 quolibet
861 1555 954 1620 laneo
976 1553 1018 1618 32
1041 1574 1097 1636 82.,
1122 1553 1282 1619 delencio-

98 1650 176 1717 22122
200 1654 217 1717 1
244 1672 292 1734 82.
315 1654 398 1719 Item
419 1654 557 1723 iumaies
575 1654 612 1741 ¹ls
630 1675 675 1740 82.
700 1658 780 1722 Item
799 1657 934 1741 pecunie
950 1675 1163 1739 expensarum
1182 1655 1218 1740 ¹l2
1236 1674 1280 1738 82.

98 1758 123 1818 22
142 1774 199 1838 pro
222 1762 347 1824 tortore
371 1761 391 1823 2
413 1761 478 1826 1221.
500 1762 583 1827 item
605 1763 644 1828 de
668 1762 813 1843 quolibet
843 1764 936 1827 laneo
961 1764 981 1826 2
1003 1760 1108 1842 pullos
1131 1765 1164 1824 et
1185 1778 1283 1825 unam

41 1884 44 1935 i
97 1857 189 1924 tinam
211 1881 313 1930 avene
337 1869 371 1929 et
392 1884 492 1930 unum
516 1867 625 1932 oblecz
648 1871 773 1949 stuppe.
800 1867 881 1931 Item
904 1870 1055 1931 tenantur
1076 1864 1116 1928 (12
1139 1862 1284 1944 quolibet

96 1960 181 2031 laneo
205 1966 225 2030 2
248 1967 319 2032 dies
341 1973 463 2035 metere
486 1974 520 2035 et
541 1989 640 2037 unum
660 1971 745 2037 dlem
761 1971 869 2036 fenum
884 1969 1013 2036 falcare.
1036 1969 1118 2034 Item
1133 1970 1283 2033 tenentur

95 2068 198 2133 2222221
222 2069 264 2134 ad
286 2072 473 2137 mandatum
495 2073 669 2155 burgravii.

191 2169 403 2259 Mylotycz
434 2177 512 2242 villa
542 2177 639 2244 habet
671 2174 708 2260 ¹l2
740 2179 878 2257 laneum,
910 2196 1005 2259 quem
1030 2181 1120 2243 tenet
1142 2176 1283 2242 silvanus
1297 2194 1319 2236 2.
1333 2197 1378 2237 a..

92 2292 145 2355 pro
168 2278 306 2345 servicio
330 2283 363 2344 22
385 2280 526 2347 custodit
548 2281 646 2346 silvas
667 2281 768 2364 Byela
790 2287 824 2345 22
844 2281 1023 2347 Bukowicz.

115 2442 118 2450 .
189 2378 327 2466 Ozoyi.

149 2482 152 2487 ⁴
190 2480 280 2552 Vulla
303 2485 399 2572 Ozayl
429 2487 528 2554 habet
553 2489 591 2554 19
615 2507 687 2555 cum
713 2486 749 2576 ¹ls
776 2490 879 2570 laneo,
902 2489 1038 2569 quilibet
1066 2487 1162 2554 221212
1184 2507 1284 2553 anno-

89 2588 168 2655 atim
200 2591 245 2656 32
279 2609 336 2674 82.,
371 2593 412 2658 (12
446 2593 562 2674 quibua
597 2597 686 2658 tenet
716 2592 830 2658 Gallus
859 2593 900 2657 de
930 2590 1095 2658 (lostelaoz
1124 2595 1144 2657 2
1174 2593 1285 2659 122222

89 2692 251 2779 22221212
282 2696 447 2761 annuatim
477 2697 520 2765 32
550 2716 595 2779 82.
640 2696 722 2762 Item
752 2697 792 2762 de
821 2697 920 2763 berna
950 2698 990 2762 de
1020 2696 1166 2779 quolibet
1190 2697 1284 2762 laneo

87 2789 127 2881 32
152 2815 212 2879 82.,
236 2799 477 2866 (1212221222122
501 2803 518 2866 1
543 2820 589 2882 82.
613 2802 694 2866 Item
716 2799 853 2866 iumales
876 2802 916 2866 de
931 2801 1076 2882 quolibet
1090 2798 1161 2865 foco
1183 2797 1221 2885 11,
1239 2818 1284 2884 82.

87 2899 170 2967 Item
193 2906 247 2969 est
270 2922 369 2969 unum
391 2905 610 2972 molendinum
633 2906 759 2970 solvens
790 2907 828 2970 12
851 2924 897 2987 82.
922 2905 1095 2969 annuatim.
1140 2903 1222 2967 Item
1244 2901 1285 2966 (12

87 3004 237 3087 quolibet
259 3006 353 3073 laneo
377 3007 458 3073 duos
481 3009 586 3090 pullos
609 3013 643 3073 22
664 3027 761 3073 unam
776 3009 877 3072 tinam
893 3026 992 3072 avenc
1005 3011 1039 3071 et
1053 3025 1152 3071 unum
1175 3004 1285 3070 oblacz

88 3113 217 3192 stuppe.
240 3109 325 3175 Item
340 3111 433 3177 robot
419 3116 461 3192 22,
484 3113 524 3177 (12
540 3111 685 3195 quolibet
698 3114 791 3177 laneo
806 3115 958 3176 tenentur
973 3111 1049 3175 (1222
1064 3128 1122 3191 pro
1138 3108 1285 3174 omnibus

87 3214 215 3279 robotis
239 3213 375 3294 quilibet
398 3215 418 3279 3
442 3220 553 3296 822
522 3214 604 3280 Item
624 3215 725 3297 judea
746 3214 862 3299 recipit
885 3218 952 3279 tres
975 3213 1086 3295 culpas
1108 3217 1179 3295 pret
1180 3232 1215 3278 er
1236 3213 1285 3277 in·

90 3317 252 3399 cendium,
276 3318 542 3384 homicidiumet
528 3323 720 3401 2222222222,
745 3318 831 3401 quod
853 3318 979 3401 2182212
979 3338 1015 3384 22
1040 3317 1119 3383 (11212
1105 3323 1159 3383 222
1179 3334 1285 3385 222222.

190 3419 435 3505 Wytowycz.

94 3535 97 3538 ’
190 3523 280 3591 Villa
302 3524 369 3592 Wit
355 3526 467 3592 towicz
489 3527 586 3592 habet
611 3529 651 3593 15
674 3526 856 3610 subsides,
847 3548 881 3594 in
897 3546 1021 3595 summa
1036 3531 1164 3596 solvunt
1185 3532 1286 3595 annu-

88 3602 414 3712 221212222850
436 3649 482 3712 82.
506 3631 631 3697 1221222
654 3631 847 3696 molendino.
886 3633 992 3698 Judex
1021 3633 1118 3698 habet
1104 3639 1197 3714 tpro
1220 3651 1286 3697 222-

87 3734 173 3800 21212
197 3735 220 3799 4
243 3752 289 3816 82.
334 3734 416 3800 Item
445 3735 545 3800 berna
575 3734 711 3815 quilibet
697 3735 853 3801 tsubses
884 3737 981 3800 221212
1006 3735 1170 3816 aget
1140 3736 1222 3799 item
1245 3736 1285 3799 de

87 3838 277 3904 molendino
307 3839 347 3902 de
378 3839 477 3903 bema
507 3840 603 3904 221212
632 3840 797 3919 4822
768 3838 849 3902 item
879 3839 1015 3917 iumalcs
1040 3837 1077 3924 ¹ss
1103 3858 1148 3921 82.
1173 3844 1205 3903 22
1228 3857 1284 3920 pre

88 3944 213 4008 tortore
245 3940 358 4005 21221.
403 3943 487 4023 Item
515 3943 554 4005 de
584 3942 688 4006 robot'
665 3945 713 4005 222
739 3940 875 4021 quilibet
905 3941 1017 4006 subscs
1045 3940 1143 4006 habet
1129 3947 1230 4006 222222
1231 3961 1285 4006 222

89 4046 130 4111 2
143 4045 216 4112 (1122
251 4018 292 4108 22
318 4062 448 4125 carpere
482 4044 649 4109 hamulum
682 4062 781 4107 unum
816 4042 917 4124 dicm;
952 4065 1009 4125 pra
1011 4049 1079 4108 tum
1112 4045 1180 4110 Wit
1166 4050 1285 4130 towycz

80 4139 275 4213 'tenentur'
262 4165 378 4231 putare
401 4150 571 4230 exsiccare,
595 4166 692 4229 quam
715 4146 772 4210 diu
794 4148 899 4212 durat.

159 4250 433 4335 Myrossow

98 4366 121 4437 ᾗ
145 4433 152 4439 ,
193 4355 283 4438 Villa
298 4354 474 4438 Myrossow
491 4354 590 4421 habet
609 4359 629 4421 6
649 4354 769 4436 laneos,
789 4352 926 4437 quilibet
911 4357 1043 4423 tsolvit
1062 4359 1228 4427 annuatim
1244 4360 1286 4430 32

93 4457 238 4543 ’82122222
254 4458 508 4542 provisionarius
520 4460 626 4526 (112222
634 4459 761 4526 Viricus
769 4457 1033 4550 Hlumc'[Hlunia
1041 4462 1069 4543 1]
1078 4468 1189 4545 'preter
1197 4471 1287 4533 tenet
