2894 4890
43 278 78 342 61
205 282 419 353 iielentiinnm
433 286 484 353 'in
512 282 733 353 Gaetulice
766 286 867 353 hebet
898 287 933 353 in
962 306 1062 353 censu
1084 304 1144 369 pre
1168 286 1294 353 sntm'no

42 480 93 546 ἰδ’
200 492 323 561 Demus
343 494 408 562 6116
430 498 507 563 ante
537 496 697 563 cnrinm
732 501 876 561 nostram
907 496 941 562 in
970 496 1102 579 Prage
1128 496 1167 561 13
1189 514 1295 578 sexag.

78 699 83 709 ἢ
125 594 234 679 emt,
258 598 316 682 qni
338 618 454 667 census
476 606 528 667 est
548 620 607 683 pre
629 601 785 683 magistro
809 602 898 667 curie
921 602 1106 681 deputatus.

41 792 45 833 ;
73 802 77 813 ι
132 818 155 833 ΙΙ
193 726 998 797 116611116666161666611161616166166
1022 730 1107 796 circa
1130 730 1172 793 70
1187 748 1294 811 sexeg.

41 842 54 855 “
107 828 153 913 pse
174 830 316 901 edificiis
349 836 384 901 et
414 832 688 901 banniverseriis
718 830 925 899 fundatorum
960 838 994 899 et
1016 832 1183 915 quodlibet
1204 832 1296 899 anni-

41 916 70 1015 ⁴5³
103 916 275 1004 inaurium
297 956 358 1021 per
379 940 401 1005 2
423 956 530 1021 66666.
554 938 694 1021 pecnnia
720 936 761 1003 (16
784 938 906 1003 eadem.

189 1068 234 1135 In
255 1066 408 1135 Glincz
430 1068 452 1133 5
474 1085 581 1149 sesag.
604 1069 639 1133 in
662 1087 770 1148 censu,
802 1088 882 1149 ques
904 1066 991 1132 tellit
1012 1066 1126 1133 relicta
1148 1064 1296 1132 Welizlai

80 1166 129 1237 'ad
151 1172 308 1255 spacium
328 1172 351 1239 5
372 1190 538 1237 annornm.
557 1207 598 1219 -
614 1172 664 1238 De
687 1191 775 1255 agro,
800 1172 855 1253 qni
877 1171 964 1237 iacet
986 1172 1019 1237 in
1041 1176 1151 1237 mente
1173 1171 1296 1239 contin·

87 1292 168 1357 6666
190 1275 313 1343 silvam
336 1274 449 1345 Glinee
470 1294 529 1359 pro
553 1276 750 1361 cel[l]erani0
775 1278 814 1341 12
838 1276 936 1341 solvit
957 1295 1093 1358 grossos.

191 1378 331 1445 Summa
364 1398 480 1446 census
519 1380 555 1445 in
590 1381 838 1462 Landsperk
872 1380 935 1445 215
968 1399 1074 1463 sexag.
1110 1381 1151 1447 28
1181 1380 1295 1463 grossi,

41 1514 45 1563 t
85 1482 146 1579 qui
167 1487 287 1551 tamen
308 1484 375 1551 hiis
396 1484 595 1569 temporibus
618 1504 781 1569 nunquam
816 1484 913 1551 datus
935 1489 996 1565 est,
1019 1490 1152 1567 excepto
1171 1484 1296 1566 judicio

85 1585 293 1669 provinciali
314 1587 446 1655 6161116
468 1588 695 1655 emolimentis.

193 1718 238 1783 ln
260 1714 440 1807 Selenen
462 1720 482 1783 2
504 1736 613 1799 sesag
647 1737 706 1799 pro
729 1717 1028 1784 anniversaniist
994 1722 1028 1781 et
1057 1716 1121 1781 alie
1144 1717 1164 1781 2
1186 1734 1293 1799 sesag.

85 1824 330 1903 postmortem
353 1822 501 1906 symonis
524 1823 565 1888 de
587 1822 743 1891 Melnike

194 1925 249 1990 De
272 1925 361 2007 agris
393 1926 431 1993 in
450 1927 589 1991 Helin
623 1929 772 2008 3seneg
808 1928 841 1991 in
864 1945 963 1991 censu
996 1944 1054 2008 pro
1084 1880 1296 1991 allecibnsin

87 2029 258 2109 adventu3
291 2028 362 2111 agri
384 2032 492 2094 autem
515 2029 557 2094 ad
580 2048 713 2111 presens
750 2034 826 2095 sunt
847 2029 1032 2094 desertiet
1065 2031 1104 2094 de
1128 2030 1174 2095 eis
1197 2029 1297 2095 nichil

88 2133 250 2302 (hitere
273 2234 541 2303 Commorsan
566 2239 605 2304 12
628 2256 735 2319 sexag.
758 2242 834 2318 pest
857 2237 980 2302 obitum
1004 2237 1171 2303 Genefete.

199 2368 250 2432 De
271 2366 438 2434 Verona
459 2373 533 2450 pest
547 2372 683 2434 montem
700 2369 834 2434 sacriste
850 2367 1114 2452 Wysegradensis
1132 2370 1172 2434 12
1188 2387 1294 2451 sexag.

90 2471 128 2536 in
150 2489 265 2536 censu.

198 2573 401 2643 Rntmannus
424 2577 444 2641 3
467 2595 575 2658 senag.
600 2577 634 2640 in
658 2595 755 2642 censu
777 2596 835 2657 pre
859 2576 1099 2642 anniversariis.

200 2678 398 2760 Remundus,
421 2678 508 2744 filius
532 2679 751 2762 Spacnmanni
781 2681 931 2761 premisit
959 2681 993 2744 in
1025 2699 1123 2746 censu
1146 2683 1165 2743 2
1188 2700 1295 2762 sesag.

200 2781 367 2848 Johannes
389 2781 512 2850 Pfuntil
534 2785 554 2849 3
579 2802 685 2865 sexag.
719 2785 875 2850 incensu
908 2802 965 2864 pro
997 2783 1225 2849 anniversariis
1255 2785 1296 2850 (16

94 2887 195 2953 deme
217 2903 286 2950 sna.

199 2989 363 3055 Henricus
385 2989 558 3056 Melnikeni
580 2996 647 3058 tres
670 3011 776 3072 sexeg.
804 2991 838 3056 in
861 3009 959 3055 censu
981 2991 1103 3072 legavit
1125 2991 1297 3057 conventui

97 3098 200 3176 atque
222 3092 321 3159 dedit.

201 3192 369 3263 conradus
391 3197 500 3279 Kepse
528 3204 540 3262 1
567 3217 674 3281 sexeg.
697 3200 732 3264 in
756 3218 863 3264 censu.

201 3300 429 3367 Melnikerissa
443 3302 569 3368 (161112
585 3320 692 3386 sexeg.
707 3302 742 3368 in
758 3321 855 3370 censu
872 3308 905 3367 et
919 3309 994 3387 pest
1008 3309 1143 3370 mertem
1158 3304 1297 3370 filiarum

98 3404 236 3471 terciam
259 3422 460 3486 sexagenam.

201 3508 252 3572 De
273 3509 427 3574 maccello
452 3508 604 3576 Geerisse
627 3510 714 3577 cirea
736 3514 879 3596 3sexag.
903 3514 937 3578 in
961 3532 1058 3580 censu
1081 3531 1138 3595 pre
1162 3512 1295 3577 sutrino.

200 3610 380 3694 1611611666,
403 3610 490 3680 filius
521 3614 660 3680 Ebirlini
694 3617 734 3682 de
765 3616 898 3698 Lepide,
935 3617 1081 3698 laenag.
1114 3634 1171 3697 pre
1205 3614 1298 3680 anni·

99 3732 253 3781 versane.

200 3817 361 3886 Dominus
391 3816 625 3887 Clementerius
658 3822 856 3903 comparavit
886 3821 1059 3886 conventui
1100 3820 1142 3886 55
1171 3841 1297 3889 marcas

99 3941 226 4006 graves,
248 3940 383 4005 quarum
408 3925 448 3989 16
465 3926 622 3990 tolluntur
643 3927 684 3991 de
698 3925 783 4006 Plas,
810 3926 848 3989 16
871 3926 911 3990 de
929 3924 1032 3989 Parva
1054 3925 1193 3991 Civitate
1219 3927 1296 3992 Pna-

99 4025 200 4109 gensi,
223 4024 264 4091 (16
285 4027 380 4094 dome
396 4022 603 4092 Clementerii
625 4025 687 4109 511,
704 4045 810 4108 sexag.
834 4025 896 4091 Est
911 4032 1020 4092 entem
1042 4028 1133 4108 prins
1148 4034 1296 4097 notatum

99 4130 141 4197 de
163 4130 280 4196 ceteris
303 4132 480 4214 sexagenis,
503 4131 560 4197 ubi
581 4130 683 4213 recipi
705 4131 891 4197 debeantur.

117 4214 127 4229 ’
200 4233 263 4298 Pro
286 4235 505 4299 anniversario
521 4233 668 4299 Welislni
690 4234 731 4299 de
747 4235 858 4301 Glincz
881 4254 946 4299 nnn
961 4254 1120 4319 sexagena
1135 4237 1175 4302 (16
1196 4238 1295 4306 bursa

100 4342 167 4403 tam
189 4337 257 4419 din,
279 4339 382 4405 denec
403 4358 461 4419 pre
485 4357 523 4404 66
548 4339 712 4405 solventur
737 4338 777 4404 10
800 4356 907 4421 sesag.
