2894 4890
181 409 319 477 Summa
341 410 502 492 pullorum
531 410 592 478 108
614 414 648 476 et
670 427 801 477 ovorum
823 409 845 477 6
866 426 973 490 serug.

180 515 317 581 Summo
338 514 508 580 fumalium
533 513 574 579 15
597 534 642 598 gr.

178 618 319 685 Summo
339 619 547 701 vectigalium
573 621 634 685 106
657 637 703 702 gr.
727 636 785 699 pro
809 618 849 682 78
871 617 995 683 diebus.

180 723 303 789 Villo
324 723 535 789 Domoroz.
1293 740 1371 781 nm.

180 828 224 892 In
246 827 328 892 ville
349 829 521 894 Domoruzi
544 832 620 894 sunt
651 829 693 893 10
723 829 818 909 lanei,
847 834 881 893 et
913 827 1134 908 unusquisque
1166 826 1278 890 laneus

86 936 170 997 tenet
193 931 241 996 70
262 950 443 1013 mensures,
477 939 511 997 ot
540 933 636 999 solvit
664 936 704 998 de
728 933 874 1014 quolibet
895 934 988 997 luueo
1012 929 1144 1011 Georgii
1167 928 1209 995 32
1232 947 1277 1009 gr.

86 1041 116 1100 et
138 1036 232 1102 Galli
255 1036 298 1101 32
322 1056 368 1119 gr.

185 1141 272 1206 Item
288 1142 330 1206 de
350 1142 494 1223 quolibet
509 1149 616 1208 moute
633 1141 762 1207 solvunt
786 1140 826 1206 15
842 1161 887 1222 gr.
904 1141 962 1207 sed
976 1139 1113 1220 divisim,
1130 1138 1282 1205 videlieet

45 1220 47 1253 Ι
86 1245 224 1328 Georgii
248 1246 310 1329 7¹42
335 1264 381 1328 gr.
404 1252 439 1312 et
461 1248 549 1314 Gelli
572 1244 633 1331 7¹42
659 1266 704 1329 gr.

186 1349 272 1414 Item
295 1369 355 1431 pro
378 1353 527 1433 expensis
551 1352 679 1416 solvunt
701 1370 759 1433 per
780 1352 800 1416 6
825 1371 964 1433 grossos.

188 1454 273 1520 Item
296 1455 425 1520 solvunt
447 1473 505 1537 per
538 1456 558 1519 6
581 1456 686 1536 pullos
717 1460 751 1519 et
781 1475 838 1538 per
861 1457 903 1521 20
926 1475 994 1536 ove,
1019 1460 1052 1520 et
1074 1455 1202 1521 solvunt
1224 1472 1281 1535 pro

85 1557 264 1626 fumalibus
287 1579 345 1641 per
369 1561 411 1624 10
433 1560 582 1626 denarios
605 1580 730 1641 parvou

190 1664 274 1728 Item
297 1664 428 1730 solvunt
449 1683 507 1746 pro
530 1664 630 1730 berna
662 1683 720 1745 per
744 1661 781 1749 ¹l,
805 1683 946 1730 meroem
980 1669 1014 1728 et
1044 1682 1115 1727 cum
1144 1663 1206 1727 hoo
1229 1664 1283 1727 ui-

87 1768 247 1833 mezneho
270 1788 328 1850 per
351 1771 368 1834 1
394 1787 439 1851 gr.

192 1874 276 1938 Item
299 1878 450 1939 tenentur
472 1892 529 1955 per
550 1876 572 1940 4
594 1875 662 1938 dles
686 1892 757 1938 oum
789 1891 884 1937 ourru
907 1872 1054 1937 laborare
1077 1873 1116 1936 de
1140 1871 1285 1953 quolibet

89 1976 184 2041 laneo
208 1981 267 2042 aut
290 1996 348 2060 per
370 1978 390 2042 6
412 1997 458 2060 gr.
482 1979 569 2044 dare.
993 2056 998 2066 Ι

194 2081 326 2148 Summe
349 2101 465 2151 census
490 2083 512 2147 5
533 2103 639 2165 serug.
664 2082 745 2166 27¹6
774 2101 820 2163 gr.
845 2099 902 2163 pro
926 2100 991 2145 uno
1015 2079 1153 2146 termino
1179 2083 1212 2143 et
1226 2097 1284 2159 pro

92 2185 233 2252 seeundo
257 2191 383 2252 tantum
407 2195 444 2253 ut
465 2209 522 2271 pro
545 2190 658 2270 prImo.

194 2288 326 2355 Summo
348 2310 558 2372 expensurum
582 2293 624 2357 54
648 2311 693 2373 gr.
1056 2365 1059 2370 g

194 2391 328 2458 Summo
349 2395 511 2475 pullorum
533 2395 576 2460 54
592 2401 625 2459 et
648 2412 780 2458 ovorum
802 2396 945 2476 3sexag.
969 2396 1099 2462 Summe
1120 2390 1287 2459 fumulium

95 2494 155 2582 vsu
181 2516 229 2579 ΗΥ·

195 2600 327 2669 Summo
348 2602 474 2669 dlerum
497 2604 703 2687 vectigalium
726 2605 778 2686 36,
806 2623 864 2685 pro
887 2605 1003 2686 quibus
1027 2605 1155 2671 solvunt
1177 2603 1220 2668 54
1242 2621 1286 2683 gr.

194 2706 311 2773 Villa
334 2708 598 2775 Zichowieze.

195 2811 278 2877 Item
301 2813 335 2878 iu
350 2813 428 2877 villo
443 2814 617 2879 Zichouiez
634 2821 710 2880 suut
727 2816 873 2895 lOlauei,
889 2820 921 2881 et
936 2817 1159 2898 unusquisque
1175 2818 1287 2881 laneus

96 2919 186 2981 tenet
202 2917 245 2980 70
260 2936 435 2999 mensurae,
453 2923 486 2981 et
502 2918 631 2983 solvunt
652 2921 693 2984 de
709 2937 901 3001 unoquoque
916 2921 1009 2985 laneo
1027 2920 1158 3001 Georgii
1174 2919 1216 2984 30
1232 2936 1288 2999 gu,

96 3019 183 3087 Galli
199 3021 242 3085 30
258 3041 303 3103 gr.
328 3026 361 3088 et
376 3040 433 3103 pro
450 3021 597 3103 expensis
612 3042 669 3104 ρει·
691 3025 711 3086 6
727 3042 784 3104 gn,
809 3025 937 3089 solvunt
952 3025 1052 3087 eciem
1068 3041 1125 3104 per
1147 3024 1167 3086 6
1183 3023 1290 3104 pullos

96 3130 129 3189 et
152 3125 196 3194 20
219 3145 280 3191 oua
302 3132 336 3191 et
357 3146 414 3209 pro
436 3127 610 3194 iemalibus
632 3146 690 3209 per
712 3130 755 3192 10
776 3129 926 3192 denarios
948 3146 1073 3209 parvos.

200 3228 282 3296 Item
305 3249 362 3312 pro
386 3231 485 3295 berne
506 3249 564 3313 per
589 3227 625 3314 ¹l2
651 3251 788 3297 maroam
812 3253 832 3296 e
854 3232 1055 3314 wymezneho
1077 3249 1135 3313 per·
1160 3234 1175 3296 1
1200 3251 1246 3314 gr,

200 3335 282 3400 Item
305 3337 522 3402 molendinum
557 3356 628 3401 oum
663 3337 786 3402 duabus
816 3338 897 3405 rotis
930 3338 1026 3403 solvit
1057 3356 1115 3419 pro
1139 3355 1203 3402 uno
1226 3341 1290 3401 ter·

98 3439 187 3505 miuo
211 3433 230 3504 7
254 3459 300 3522 gr.
324 3445 358 3507 et
379 3460 436 3523 pro
460 3443 603 3507 secundo
627 3447 663 3506 ut
685 3460 742 3523 pro
773 3441 885 3524 primo.

202 3542 283 3610 Item
305 3564 363 3626 pro
386 3547 487 3612 berna
507 3548 635 3612 solvunt
654 3548 695 3612 32
718 3566 775 3630 gu,
801 3550 1002 3632 wymuzueho
1026 3549 1126 3615 eciam
1151 3549 1168 3612 1
1189 3565 1234 3628 gr.
1259 3550 1293 3610 et

99 3666 158 3730 pro
181 3648 305 3713 decima
326 3651 348 3714 4
371 3669 416 3732 gr.
441 3652 577 3717 solvunt.

202 3754 283 3817 Item
306 3757 459 3820 tenentur
481 3775 538 3837 per
559 3756 581 3821 4
603 3755 672 3822 dies
696 3758 842 3824 laborare
873 3774 945 3822 oum
968 3775 1063 3823 curru
1086 3758 1126 3823 de
1148 3741 1294 3837 quolibet
1306 3758 1329 3800 F·
1340 3757 1386 3799 1⁴¹¹·

100 3857 196 3923 laneo
219 3863 398 3941 autperti
422 3881 468 3943 gr.
492 3863 579 3934 dare.

202 3963 284 4026 Item
307 3965 348 4028 de
371 3965 461 4031 curio
484 3963 658 4049 alsslodiuli
680 3967 809 4031 solvunt
829 3965 871 4029 46
895 3983 940 4047 gr.
966 3964 1127 4049 [Georgii]
1151 3968 1184 4028 et
1199 3963 1293 4029 'Gelli

100 4065 143 4131 48
166 4084 213 4148 gr.
238 4073 272 4133 et
305 4084 362 4150 pro
396 4070 496 4135 berna
529 4072 570 4136 48
605 4090 661 4153 gn,
695 4090 751 4151 pro
785 4069 959 4136 fumalibus
989 4089 1046 4152 per
1080 4070 1121 4134 10
1143 4068 1292 4136 denarios
1365 4138 1368 4143 ,

100 4189 218 4252 parvos
241 4193 261 4238 a
284 4177 486 4258 uymazueho
512 4178 527 4239 1
553 4193 598 4257 gr.
622 4175 759 4256 quilibet
780 4176 898 4256 hospes
922 4175 1027 4243 solvit.

205 4277 338 4345 Summa
360 4300 476 4346 census
497 4296 555 4362 pro
578 4299 642 4345 uuo
664 4279 801 4345 termino
825 4278 968 4363 5sexag.
992 4284 1025 4344 et
1046 4276 1089 4345 55
1111 4295 1157 4360 gr.
1181 4282 1214 4342 et
1234 4295 1292 4359 pro

104 4380 248 4449 seeundo
270 4386 408 4451 termino
431 4388 468 4450 ut
490 4401 547 4468 pro
571 4384 683 4466 primo.

205 4483 337 4556 Summo
358 4508 568 4572 expensarum
590 4489 634 4554 60
655 4507 701 4570 gr,
