2894 4890
175 203 239 268 282

169 427 275 491 sexag.
301 429 358 491 ge,
381 428 440 492 pro
463 410 568 491 primo
590 414 625 476 et
648 411 821 476 mcuudam
843 430 1036 493 sexagenum
1063 429 1122 492 pro
1143 411 1276 479 termino
1303 428 1340 478 sc·

169 513 273 579 cundo
305 515 382 579 dare
414 520 447 578 et
476 515 602 580 solvere
630 515 875 596 neglexerimus,
912 519 1029 581 extunc
1057 516 1094 581 in
1124 534 1205 582 uno-
1222 515 1339 594 icrtcne,
1366 530 1397 581 .·2

167 617 293 684 scilicet
319 617 359 684 lb
381 636 428 700 gr.
452 619 574 685 eisdem
597 618 707 683 abbati
729 624 763 684 et
785 618 957 685 conventui
980 619 1111 686 nomino
1132 639 1216 702 pene
1240 619 1344 687 crimm
1364 606 1400 699 ζῖ

170 723 323 804 obligati;
346 723 465 787 sivero
488 721 573 788 inira
595 721 693 786 aliam
716 721 955 806 e[b]domadam
977 722 1153 790 immediate
1175 726 1346 806 sequentem
1366 720 1374 807 ξ

169 827 365 908 sepedictum
389 844 519 893 censum
541 825 794 908 uniuscuiusque
816 827 946 893 termini
969 845 1042 893 cum
1063 846 1151 910 pena
1178 829 1248 911 jam
1268 826 1344 892 dictu

168 931 289 995 eisdem
319 930 457 995 dominis
486 933 668 1011 persolvere
699 930 932 1011 neglexerimus
954 930 1084 1013 iterum,
1117 936 1240 998 extunc
1257 931 1291 997 iu
1311 924 1359 1014 ¹t=³
1386 1004 1400 1021 ι

169 1051 274 1114 sexag.
298 1053 345 1115 gr.
368 1034 450 1116 ipsis
472 1034 600 1099 nomine
623 1053 706 1115 pene
727 1033 871 1114 predicte
901 1034 1021 1100 erimus
1052 1034 1200 1116 obligati,
1229 1035 1269 1100 si·
1283 1050 1400 1121 roms,

167 1137 304 1202 ulterius
326 1143 400 1218 post
423 1134 553 1204 censum
574 1139 755 1219 predictum
777 1156 849 1202 cum
871 1138 964 1219 penis
986 1137 1276 1221 ac[c]resoentibus
1297 1138 1400 1218 solea

167 1261 241 1307 vere
264 1242 509 1322 neglexerimus,
542 1247 658 1307 extunc
683 1241 819 1323 singulis
842 1241 1040 1322 ebdomadis,
1073 1246 1292 1324 quotcumque
1311 1241 1365 1307 tu·
1388 1276 1400 1322 p

169 1346 262 1425 erint,
285 1364 369 1426 pena
384 1344 520 1408 ulterior
536 1345 696 1425 gradatim
712 1344 1007 1431 superac[c]rescet,
1032 1347 1135 1411 donec
1149 1363 1228 1427 sepe
1243 1346 1355 1412 dictum
1397 1369 1400 1426 p

169 1468 299 1515 censum
315 1467 387 1512 cum
400 1447 492 1529 penis
504 1448 658 1530 predictis
673 1448 955 1534 ac[c]rescentibus
970 1451 1096 1532 integre
1110 1450 1355 1533 persolverimus
1395 1488 1400 1531 3

169 1553 297 1618 domino
320 1552 431 1618 abbati
454 1557 488 1617 ct
510 1551 681 1618 conventui
703 1554 891 1619 monasterii
906 1553 1072 1635 sepedicti.
1112 1552 1217 1631 Quem
1234 1556 1357 1620 censum
1398 1628 1400 1633 ,

169 1659 202 1721 in
224 1657 371 1721 terminis
393 1655 528 1736 prefatis
551 1662 586 1720 ct
607 1657 753 1738 quolibet
774 1676 885 1722 eorum
908 1658 949 1721 ad
963 1658 1196 1723 monasterium
1215 1658 1357 1741 ipsorum

173 1761 374 1825 dominorum
396 1760 578 1825 tenebimur
597 1759 712 1825 afferre
726 1762 779 1826 vel
798 1761 1016 1826 transmittere
1038 1761 1180 1843 propriis
1200 1762 1284 1827 meis
1305 1762 1364 1828 sub·

171 1863 331 1947 expensis.
356 1862 512 1929 Promitto
535 1864 638 1929 eciam
661 1883 721 1946 ego
743 1864 898 1930 Nicolaus
920 1864 1068 1946 prefatus
1082 1885 1148 1931 una
1164 1884 1238 1931 cum
1253 1866 1361 1932 amicis

168 1968 249 2034 meis
260 1966 467 2032 chczeslao
483 1969 523 2032 de
538 1968 631 2031 Zelez
647 1969 734 2033 dicto
748 1968 868 2049 Kokot,
890 1968 1051 2035 Pessoone
1067 1969 1214 2051 Kalwod,
1237 1969 1361 2036 Sdislao

171 2073 211 2136 de
248 2070 439 2154 Lybiechow
471 2070 652 2154 predictum
684 2090 815 2137 censum
848 2073 985 2137 duamm
1017 2091 1251 2156 sexagenorum
1282 2074 1364 2140 bona

169 2174 232 2241 fide
255 2177 430 2242 secundum
448 2175 502 2257 J'us
525 2179 558 2240 et
580 2175 845 2242 consuetudinem
866 2180 953 2241 terre
974 2176 1113 2242 ubilibet
1134 2176 1278 2245 fideliter
1299 2176 1362 2243 dis·

169 2281 307 2363 brigare,
330 2284 426 2362 prout
448 2280 482 2345 in
504 2279 624 2344 tabulis
647 2284 734 2345 terre
755 2299 820 2345 una
842 2299 914 2345 cum
937 2281 985 2346 eis
1007 2299 1059 2346 me
1082 2287 1261 2363 spontanee
1282 2283 1363 2351 obli·

169 2385 252 2466 gavi.
299 2384 393 2460 Quod
423 2384 452 2448 si
485 2383 520 2447 iu
553 2382 614 2446 hoc
646 2383 753 2462 aliquo
787 2384 882 2448 modo
917 2383 1117 2466 negligentes
1150 2385 1362 2466 extiterimus,

170 2489 256 2571 quod
278 2488 370 2568 absit,
405 2492 439 2552 et
459 2486 639 2567 pmdictum
662 2505 803 2568 censum,
826 2492 864 2552 ut
885 2490 1094 2570 premittitur,
1126 2489 1216 2555 iutra
1235 2495 1362 2572 tempus

169 2593 203 2655 in
226 2597 314 2657 terra
336 2594 526 2656 consuetum
548 2589 728 2676 disbrigare
743 2610 807 2657 non
823 2592 1010 2673 poterimus,
1034 2597 1152 2658 extumo
1165 2593 1248 2659 dicti
1262 2595 1363 2660 abbas

171 2701 204 2759 et
226 2698 403 2760 conventus
426 2694 590 2760 debebunt
611 2712 709 2774 super
730 2695 831 2760 tercia
860 2700 952 2776 parte
980 2695 1136 2760 bonorum
1165 2701 1378 2778 nostrorum„

171 2799 321 2864 videlicet
331 2792 549 2879 Wenczeslai,¹
562 2797 762 2882 Pessconi[s]
778 2802 811 2863 et
825 2798 953 2881 deslai
968 2799 1220 2881 disbrigatorum
1235 2807 1271 2866 et
1284 2800 1363 2867 fide·

170 2905 331 2970 iussorum
354 2901 507 2968 officiales
528 2903 620 2984 regni
640 2902 772 2969 Bodmie
795 2904 973 2968 conducere
995 2904 1107 2985 eisque
1128 2922 1188 2986 pro
1214 2901 1364 2986 dampnis

170 3014 204 3072 et
226 3007 435 3090 negligenciis
457 3005 562 3071 facere
585 3005 664 3072 satis
679 3007 719 3071 de
734 3007 827 3071 bonis
842 3006 970 3072 nostris.
995 3006 1128 3088 Insuper
1142 3008 1363 3088 promittimus

170 3131 229 3178 uos
258 3112 436 3193 supradicti
465 3108 696 3192 disbrigatores
728 3114 762 3175 et
782 3109 991 3177 fideiussores
1019 3114 1095 3191 post
1124 3111 1250 3178 obitum
1282 3112 1363 3177 dicti

171 3215 297 3282 Nicolai
319 3216 456 3282 eundem
477 3234 608 3281 censum
625 3235 645 3281 a
660 3214 835 3282 dothslicio
859 3214 1005 3296 coniugis
1028 3233 1086 3280 sue
1107 3216 1256 3297 predicte
1276 3215 1363 3282 inira

171 3321 346 3385 triennium
368 3326 402 3384 et
423 3319 509 3384 diem
532 3320 618 3400 amri,
641 3324 738 3401 prout
760 3323 810 3385 est
831 3323 1030 3400 consuetum,
1054 3318 1156 3385 eciam
1171 3318 1362 3401 disbrigare.

171 3424 243 3489 Non
264 3423 377 3487 licebit
399 3423 500 3487 eciam
523 3424 620 3488 michi
642 3423 776 3488 Nicolao
807 3423 874 3505 jam
905 3424 991 3488 dicto
1020 3421 1200 3504 predictum
1230 3440 1363 3489 censum

175 3531 310 3594 duarum
333 3544 564 3607 sexagenorum
588 3526 621 3589 in
645 3526 765 3590 allodio
788 3530 821 3590 et
843 3527 930 3608 agris
951 3526 1105 3608 predictis
1134 3525 1284 3608 cuiquam
1305 3527 1363 3592 ho-

171 3633 251 3697 mini
266 3630 404 3694 vendere
420 3629 490 3693 siue
506 3627 588 3692 scitu
605 3633 638 3693 et
653 3647 812 3695 consensu
826 3630 969 3710 ipsorum
985 3628 1128 3712 speciali,
1151 3631 1362 3696 narrandam

52 3764 70 3785 v
172 3737 294 3802 dictum
327 3752 457 3798 censum
479 3732 578 3797 alicui
611 3733 736 3814 potenti
757 3735 808 3798 vel
831 3734 955 3815 maiori,
989 3732 1048 3800 sed
1069 3735 1141 3816 pari
1174 3738 1209 3799 et
1241 3733 1362 3816 equali,

173 3841 259 3922 quod
282 3856 412 3903 censum
435 3837 616 3918 predictum
638 3839 759 3903 eisdem
782 3839 816 3902 in
838 3839 985 3904 terminis
1006 3836 1187 3919 prenotatis
1210 3837 1282 3903 sinc
1314 3837 1364 3903 di-

97 3984 119 3999 ··
142 3970 159 3998 a·
174 3943 357 4009 minucione
379 3942 523 4022 qualibet
544 3941 652 4005 valeat
673 3941 708 4005 in
722 3942 915 4006 monasterio
937 3942 1081 4024 ipsorum
1104 3937 1304 4027 aslslignsri.
1326 3939 1364 4004 ln

127 4098 130 4103 .
173 4047 265 4113 cuius
287 4045 335 4111 rei
349 4046 580 4111 testimonium
604 4045 745 4127 sigillum
774 4063 880 4110 meum
902 4063 967 4109 una
990 4063 1063 4110 cum
1086 4044 1202 4126 sigillis
1233 4043 1363 4110 fideius-

174 4170 281 4217 sorum
303 4168 459 4229 meorum,
481 4148 856 4228 videlicetWenczeslai,
878 4147 1058 4230 Pesscouis,
1081 4147 1210 4233 deslai
1231 4164 1364 4231 presen-

173 4255 260 4319 tibus
284 4260 360 4319 suut
383 4272 534 4337 appensa.
579 4255 694 4317 Actum
719 4256 752 4315 et
774 4253 885 4315 datum
907 4252 942 4315 in
970 4253 1168 4318 monasterio
1190 4252 1382 4320 Straboni·-

174 4359 244 4421 ensi
276 4360 420 4439 predicto
444 4376 526 4422 anno
550 4355 670 4420 domini
692 4351 915 4418 M⁰coc⁰ux⁰
942 4353 996 4417 die
1025 4355 1115 4421 beati
1136 4356 1260 4423 Valerii
1289 4374 1384 4424 cou·''

173 4458 305 4524 sessoris
328 4465 388 4524 etc.
1330 4488 1333 4495 ·
1370 4477 1377 4499 ·’
