2910 4896
192 202 255 270 256

189 413 394 495 nequiverint
415 416 466 480 vel
488 415 652 482 noluerint
686 420 782 496 sture,
817 420 934 480 extunc
968 415 1130 498 appellare
1167 418 1305 499 poterint
1333 416 1363 480 ad

191 518 276 584 cives
290 519 431 586 civitatis
444 521 601 586 Lunensis
614 519 779 603 justiciam
796 519 837 585 ab
853 520 901 583 eis
917 520 1060 600 petituri.
1076 520 1162 586 Sane
1178 522 1326 588 maiorem
1334 520 1363 585 li·

189 625 348 689 bertatem
364 629 398 690 et
412 625 586 690 utilitatem
602 624 767 690 hominum
782 629 965 690 nostrorum
982 625 1200 707 predictorum
1213 642 1363 709 procurare

190 732 348 811 curantes,
382 729 529 795 dedimus
552 734 586 794 et
608 729 841 811 assignavimus
872 729 930 810 eis,
964 748 1075 794 eorum
1099 725 1364 796 successoribusl

189 832 299 899 laneos
322 853 380 916 pro
403 854 437 900 re
461 834 590 916 publica
615 840 648 900 et
670 834 799 916 pascuis
821 835 941 915 partim
972 833 1107 916 singulis
1129 832 1219 899 villis
1243 833 1362 910 annexis,

190 939 276 1019 quod
299 939 461 1020 vulgariter
484 939 580 1004 obccz
604 957 660 1003 seu
682 938 900 1020 pastvisscnie
922 942 1065 1018 vocatur,
1097 938 1131 1002 in
1164 941 1274 1004 monte
1294 936 1363 1002 dicto

188 1042 304 1124 Byetin
338 1046 462 1125 partem
496 1042 649 1107 maiorem
684 1044 718 1105 et
746 1059 847 1123 prope
868 1041 971 1105 Patek
992 1042 1028 1106 in
1049 1042 1121 1107 loco
1153 1040 1242 1108 dicte
1264 1040 1364 1107 Labov

189 1150 314 1230 partem
335 1146 500 1227 minorem,
525 1150 559 1211 et
573 1165 673 1227 prope
688 1146 885 1211 Stradomiez
901 1146 1120 1227 promontoria
1135 1146 1270 1227 inculta,
1291 1142 1364 1235 siliis

189 1251 309 1317 nostris
332 1255 365 1315 et
387 1250 511 1316 rubetis
534 1252 701 1316 dumtaxat
724 1251 874 1331 exceptis.
919 1248 1036 1315 Modus
1060 1254 1168 1314 autem
1200 1251 1286 1316 eirca
1311 1244 1363 1314 re'n

188 1354 349 1438 publicam
366 1359 399 1420 et
414 1373 535 1436 pascua
556 1355 721 1420 nominata
742 1354 818 1419 talis
842 1355 911 1426 erit,
935 1353 1087 1420 videlicet
1109 1354 1197 1435 quod
1220 1350 1365 1437 campccia

189 1459 276 1524 dieta
299 1460 399 1544 drahy
422 1459 503 1524 alias
525 1458 649 1540 prohon
672 1459 815 1541 quelibet
838 1458 994 1524 dictarum
1014 1459 1163 1524 villarum
1186 1456 1366 1524 universitas

187 1565 222 1630 in
246 1564 314 1630 suis
335 1563 492 1630 limitibus
516 1567 550 1627 et
571 1562 840 1629 circumferenciis
871 1562 976 1628 facere
1008 1560 1114 1648 debet}
1133 1562 1202 1627 lata
1224 1566 1259 1627 et
1280 1549 1365 1642 largi,

188 1670 236 1735 ita
258 1673 342 1751 quod
365 1686 500 1750 peccora
521 1670 633 1733 nostra
655 1667 723 1734 sive
746 1667 904 1749 peccudes
934 1685 1007 1732 curn
1030 1666 1104 1732 aliis
1126 1667 1279 1732 villarum
1308 1682 1367 1750 pec·

189 1775 316 1841 ceribus
338 1779 371 1838 et
392 1774 588 1856 peccudibus
612 1772 713 1838 eciam
738 1772 911 1853 separatim
934 1773 1062 1853 possint
1082 1771 1159 1837 duci
1181 1776 1217 1838 et
1241 1772 1318 1855 pelli
1335 1768 1368 1834 ad

188 1879 384 1961 pascendum
418 1878 488 1943 sine
522 1878 659 1958 dampno
693 1882 727 1942 et
748 1877 978 1959 inpedimento.
1024 1876 1066 1941 st
1099 1880 1213 1941 mutuo
1249 1884 1368 1959 pascere

189 1983 306 2048 debent
327 1982 362 2046 in
384 1981 465 2047 locis
488 1982 661 2047 nominatis
686 1982 725 2046 de
748 1981 851 2046 Patek
872 1983 905 2045 in
930 1981 1127 2047 Strudomicn
1159 1985 1193 2045 et
1224 1982 1264 2046 de
1293 1981 1368 2047 Stra·

189 2087 314 2152 domiez
332 2087 366 2150 in
381 2086 482 2151 Patek
506 2090 538 2150 et
558 2086 729 2151 Radomiez
752 2090 786 2150 et
807 2084 972 2150 viceversa
987 2084 1027 2150 de
1040 2084 1216 2150 Radomicz
1231 2085 1267 2150 in
1281 2081 1369 2148 Patek
1412 2070 1414 2137 ἶ

84 2202 108 2245 1²·
123 2208 168 2245 1⁸·-
188 2194 222 2256 et
243 2188 441 2270 Stradonioz,
465 2190 600 2254 eundem
623 2188 752 2254 modum
774 2188 926 2269 pascendi
947 2188 1138 2255 inconcusse
1161 2194 1196 2255 et
1211 2188 1282 2254 sine
1302 2186 1369 2254 rixis

190 2295 413 2361 observabunt.
437 2293 610 2358 Peccunias
625 2292 743 2374 autem,
767 2292 932 2373 inquibus
949 2292 1041 2359 nobis
1059 2311 1117 2376 pre
1142 2292 1239 2360 dictis
1262 2289 1369 2359 nostris

188 2397 282 2463 bonis
306 2398 498 2478 obligantur,
523 2398 649 2462 solvent
670 2399 704 2462 in
727 2398 874 2462 terminis
897 2397 1090 2478 subnotatis,
1113 2397 1148 2461 in
1171 2394 1369 2480 carnisprivio

187 2520 245 2568 seu
267 2502 427 2569 dominica
448 2501 530 2567 Esto
553 2502 650 2567 miehi
683 2501 820 2580 quilibet
848 2501 936 2566 lanei
968 2501 1072 2566 cultor
1103 2503 1209 2567 solvet
1231 2504 1252 2568 3
1275 2517 1369 2581 sesag.

187 2627 258 2673 oum
283 2610 325 2674 10
347 2627 403 2690 gr,
437 2607 525 2672 etin
548 2604 611 2670 alio
635 2605 855 2687 carnisprivio,
891 2606 976 2687 quod
1006 2606 1068 2670 erit
1093 2606 1128 2670 in
1150 2624 1236 2672 anno
1260 2603 1371 2674 domin'i

186 2710 454 2779 M⁰GCO⁰LXXV
477 2710 613 2792 quilibet
635 2711 772 2776 solvet3
789 2729 895 2792 sesag.
919 2728 991 2775 oum
1011 2710 1051 2774 10
1066 2730 1123 2791 gr,
1148 2715 1181 2776 et
1203 2711 1239 2777 in
1262 2708 1371 2777 carnis-

187 2817 290 2900 privio
312 2817 437 2899 ultimo,
462 2814 548 2897 quod
569 2815 632 2881 erit
653 2816 687 2880 in
710 2834 793 2880 anno
816 2814 937 2880 domini
959 2812 1225 2881 M⁰OCCLXXVI
1248 2814 1373 2898 quilibet

187 2920 292 2987 solvet
312 2925 379 2987 tres
402 2938 508 3001 sesag.
533 2918 664 2984 ultimas
687 2937 758 2983 cum
785 2919 824 2983 10
846 2936 891 3000 gr.
916 2923 949 2982 et
971 2923 1048 2983 tunc
1070 2924 1238 3001 presentes
1273 2908 1372 2986 littere

187 3026 230 3090 ad
258 3043 369 3090 eorum
402 3024 533 3090 venient
565 3027 769 3106 potestatem.
815 3024 853 3087 ln
886 3022 977 3088 cuius
1011 3023 1058 3089 rei
1092 3022 1315 3092 testimonium
1345 3030 1373 3088 et

185 3130 284 3196 robur
305 3133 462 3211 perpetue
485 3128 649 3194 firmitatis
671 3132 838 3210 presentes
852 3128 981 3193 litteras
998 3127 1178 3210 sigillorum
1193 3128 1372 3196 nostrerum

187 3239 221 3301 et
242 3232 357 3315 sigillis
380 3232 536 3299 nobilium
559 3232 761 3298 dominorum
784 3230 948 3298 Wilhelmi
971 3233 1012 3298 dc
1027 3230 1232 3314 Hazenburk,
1251 3229 1373 3298 ¹Albcrti

187 3336 228 3402 de
239 3334 401 3401 Slavvietin
412 3355 471 3401 nec
485 3353 549 3401 non
562 3335 669 3418 sigillo
682 3334 824 3402 civitatis
837 3335 997 3402 Lunensis
1006 3335 1162 3418 jussimus
1178 3333 1372 3403 communiri.

187 3439 307 3505 Datum
323 3440 356 3504 in
372 3440 565 3506 monasterio
581 3443 691 3504 nostro
707 3440 851 3522 predicto
864 3458 947 3504 anno
961 3440 1083 3506 domini
1094 3438 1373 3508 M⁰cocnxxssfl

188 3544 326 3627 septima
348 3544 400 3609 die
423 3544 541 3610 mensis
564 3544 741 3610 Februarii.

288 3647 567 3731 Privilegium
601 3667 728 3731 super
761 3653 877 3714 certa
910 3648 1130 3731 quartalia
1164 3668 1372 3732 agrorum,

187 3753 234 3819 de
258 3751 411 3835 quibus
435 3752 589 3817 debent
610 3757 734 3835 prata
756 3752 937 3834 falcare,
961 3757 1002 3819 et
1024 3753 1234 3835 sequitur.

291 3857 330 3923 In
341 3856 470 3923 nomine
482 3856 612 3922 domini.
629 3856 740 3923 Amen.
763 3856 831 3924 Nos
843 3854 1019 3938 Conradus,
1034 3856 1143 3923 divina
1158 3862 1193 3923 et
1205 3852 1375 3941 apostolice

187 3961 274 4027 sedis
295 3959 502 4043 providencia
524 3961 634 4042 abbas,
656 3959 835 4026 Mauricius
849 3961 947 4043 prior,
969 3961 1085 4027 Petrus
1099 3962 1262 4044 supprior,
1286 3962 1375 4047 sym-

187 4084 295 4132 ramus
318 4064 501 4145 celerarius,
531 4064 673 4131 Jscobus
703 4064 915 4147 pitanciarins
938 4069 1089 4147 totusque
1112 4072 1293 4134 conventus
1313 4064 1377 4135 md·

188 4170 324 4236 nasterii
346 4168 466 4236 Montis
489 4168 575 4252 Syon
597 4170 677 4235 alias
700 4169 946 4236 Strahovviensis
972 4188 1072 4252 prope
1094 4168 1233 4253 Pragam
1260 4166 1378 4251 ordinis

187 4273 494 4340 Premonstratensis
526 4276 638 4339 tenore
660 4274 861 4354 presencium
891 4274 1151 4355 recognoscimus
1181 4294 1290 4342 coram
1312 4262 1380 4345 unl-

188 4378 290 4443 versis
314 4382 347 4443 et
376 4378 512 4458 singulis
545 4377 750 4460 presentibus
776 4382 810 4442 et
835 4376 964 4459 futuris,
988 4379 1074 4460 quod
1099 4379 1249 4447 volentes
1274 4380 1381 4449 eondi-

188 4480 312 4547 cionom
327 4480 464 4564 predicti
478 4482 666 4549 monasterii
679 4482 782 4549 nostri
795 4480 902 4551 facere
914 4467 1088 4566 meliorem,
1100 4489 1231 4553 maturo
1248 4474 1399 4555 consillb'
