2894 4890
88 94 243 161 noster-ii
266 98 306 161 et
326 94 474 177 quolibet
494 114 604 161 mense
637 96 767 163 racione
801 115 917 161 consus
947 98 1028 163 dant
1049 116 1108 179 pro
1130 98 1257 166 duobus

78 198 152 265 .de
175 198 266 265 61116
289 200 334 265 ad
348 200 546 283 quoquinam
561 200 685 266 domini
706 201 848 279 abbatis,
871 202 967 265 61616
990 204 1155 268 annuatim
1179 204 1258 269 dant

57 303 243 369 rtrolrunt
265 302 312 367 24
333 320 381 383 gr.
425 302 469 368 Et
490 302 653 384 predictas
687 304 770 369 ollas
800 305 920 370 debent
953 306 994 369 nd
1026 308 1255 372 monasterium

61 406 227 489 deportare
252 406 401 489 quolibet
422 424 542 471 mense.
567 406 611 471 Et
633 408 771 487 quilibet
793 407 936 489 ipsorum
960 408 1059 475 babet
1082 411 1255 477 1366161.

62 508 89 575 16
107 511 206 593 agris
231 508 436 575 monasterii.

10 650 23 694 ς
151 612 245 681 Item
267 612 391 679 Bonoso
412 612 513 679 habet
538 616 577 677 13
601 612 789 678 striebones.

154 718 246 783 Item
271 714 406 799 Marzyk
427 716 527 783 babet
550 718 590 782 13
614 716 803 781 strichones.

152 854 280 921 Villa
302 852 522 937 Kossyern.

155 960 246 1025 Item
279 957 399 1023 ibidem
435 964 485 1025 est
518 977 583 1024 666
613 976 722 1023 616666
753 976 878 1039 666666,
909 978 1003 1041 quarn
1034 962 1192 1044 plebanus
1215 964 1256 1030 de

10 1062 15 1105 ἵ
61 1060 199 1130 11666166
224 1061 344 1143 recipit
365 1080 424 1144 pro
447 1063 585 1129 ecclesia
608 1080 675 1127 666.

10 1182 14 1193 ·
155 1168 244 1233 Item
268 1166 390 1232 ibidem
413 1168 463 1231 661
485 1184 569 1231 6666
591 1166 687 1230 homo
710 1166 881 1247 censualis,
909 1168 964 1247 qui
987 1170 1116 1235 nomine
1139 1190 1255 1237 census

60 1273 151 1338 solvit
172 1270 376 1335 monasterio
410 1269 556 1351 quolibet
585 1288 694 1335 mense
725 1286 783 1350 666
814 1288 877 1334 666
909 1288 954 1349 gr.
979 1272 1019 1336 de
1043 1273 1116 1338 ollis
1140 1274 1180 1337 ad
1204 1292 1255 1340 co-

59 1375 189 1457 quinam
214 1374 340 1440 domini
362 1373 500 1455 abbatis,
523 1376 556 1438 61
578 1373 675 1437 debet
697 1374 737 1436 od
760 1372 990 1438 monasterium
1015 1373 1195 1455 deportare.

159 1515 268 1580 Item
289 1510 585 1579 Pohorzelecz.

161 1618 249 1683 Item
271 1614 393 1682 ibidem
414 1615 450 1681 in
472 1614 683 1680 Pohorzclecz
707 1620 782 1679 sunt
805 1615 1037 1695 666616611666
1060 1623 1094 1681 61
1117 1618 1255 1698 quilibet

58 1740 169 1789 eorum
192 1720 295 1787 habet
317 1718 458 1802 quinque
482 1718 645 1801 quartalia
673 1737 825 1799 agrorum
847 1718 882 1782 16
905 1738 1058 1784 mensure
1080 1721 1255 1788 cuiuslibet

57 1827 179 1907 domus,
215 1828 314 1905 prout
345 1824 380 1888 16
411 1821 581 1905 privilegio
614 1823 757 1903 ipsorum
791 1823 988 1887 continetur.
1043 1824 1087 1889 Et
1116 1824 1257 1907 quilibet

56 1930 202 2012 ipsorum
224 1929 268 1993 dc
283 1927 380 1994 dictis
394 1928 535 2009 quinque
551 1926 751 2009 quartulibus
768 1932 801 1991 et
817 1925 911 1990 domo
935 1946 992 2007 pro
1012 1927 1096 1993 fusto
1121 1928 1151 1993 S.
1168 1928 1256 1995 Galli

58 2033 153 2099 solvit
176 2032 221 2097 20
243 2047 291 2112 gr.
325 2034 359 2097 61
387 2032 522 2096 totidem
545 2048 602 2112 pro
636 2028 719 2095 testo
754 2029 785 2095 S.
813 2028 946 2110 Georgii
978 2049 1094 2095 census
1119 2032 1255 2114 singulis

59 2138 161 2204 annis.
207 2134 286 2200 Alia
304 2134 381 2216 jura
403 2134 540 2213 solvunt
574 2137 671 2214 prout
698 2132 732 2198 in
761 2133 931 2214 privilegio
961 2132 1098 2199 inferius
1134 2136 1254 2216 6661616

60 2242 253 2329 continetur.
270 2239 352 2303 Item
367 2237 487 2303 ibidem
503 2239 633 2302 estune
648 2254 727 2317 gaza
741 2255 840 2319 66666
856 2235 1056 2320 r[i]uitorem
1067 2238 1256 2305 monasterii

60 2348 90 2409 et
116 2342 222 2411 babet
251 2341 271 2405 2
299 2340 481 2408 strichones
510 2339 713 2419 hereditatis,
745 2343 778 2404 et
804 2340 899 2405 solvit
931 2341 1067 2421 singulis
1097 2341 1191 2407 66616
1213 2342 1256 2407 40

60 2468 101 2531 gr.
126 2446 264 2515 divisim
287 2444 319 2511 S.
344 2442 432 2509 Galli
455 2448 488 2510 ot
511 2444 645 2525 Georgii
674 2443 767 2509 festis
791 2446 865 2508 612
888 2445 1005 2525 pullos,
1029 2449 1062 2510 61
1085 2446 1255 2527 estprivi·

61 2551 189 2635 legista.

158 2685 441 2766 Pririlegium
464 2703 592 2766 66666
614 2685 901 2750 Pohorzelecz
923 2685 1127 2764 sequitur.

158 2793 229 2859 Nos
243 2789 472 2857 Wonczeslaus
495 2789 601 2853 dictus
620 2785 778 2869 Ozyhlicz,
802 2786 974 2865 Μ66116616,
999 2785 1119 2868 Suam,
1141 2788 1254 2871 Pikna,

61 2896 137 2963 lida
170 2893 302 2972 6611616,
337 2893 420 2958 Sisel
451 2897 484 2957 et
514 2890 743 2956 Wenczeslaus
775 2890 881 2956 dictus
915 2889 1048 2969 Zaczsk,
1082 2890 1188 2956 incole
1221 2893 1255 2958 in

62 2999 282 3078 Pohornelecz‚
316 3003 427 3063 nostro
451 3002 485 3060 61
508 2996 650 3061 omnium
679 3001 864 3061 nostrorum
891 2992 1047 3059 heredum
1070 3013 1108 3059 ac
1130 3014 1256 3062 succes·

63 3122 166 3171 sorum
189 3105 374 3168 nostrorum
405 3100 534 3166 nomine
567 3099 771 3182 presentibus
803 3098 1063 3181 recognoscimus
1095 3101 1256 3168 universis

62 3212 89 3273 61
124 3204 275 3287 singulis,
310 3205 352 3269 od
384 3221 520 3286 quorum
558 3204 712 3270 noticiam
749 3202 917 3286 presencie
950 3201 1149 3283 devenerint,
1185 3221 1254 3285 666,

61 3310 194 3379 heredes
228 3312 263 3373 61
295 3295 498 3375 successores
532 3312 660 3373 nostros
693 3326 750 3388 per
785 3308 902 3387 omnia,
947 3306 1044 3372 velud
1075 3306 1110 3371 16
1143 3311 1256 3373 166666

61 3413 241 3481 litterarum
264 3412 490 3494 religiosorum
506 3411 647 3476 virorum
667 3411 794 3478 obbatis
816 3416 851 3476 61
866 3415 1044 3476 conventus
1066 3410 1256 3475 monasterii

62 3515 304 3585 strahowiensis
327 3515 409 3581 alies
432 3513 553 3580 Montis
577 3513 662 3597 Syon
685 3515 806 3581 ordinis
822 3511 1133 3579 Premenstratersis
1155 3530 1255 3593 propo

62 3619 194 3705 Prcgam
209 3618 432 3704 [continetur]‚
448 3618 585 3701 obligari
600 3623 634 3684 et
649 3619 831 3699 obligamur
845 3622 879 3682 61
896 3614 1102 3698 presentibus
1117 3613 1256 3683 latemur

63 3742 115 3805 por
129 3724 249 3803 omnic,
264 3724 361 3788 relud
375 3727 468 3789 tenor
483 3723 665 3789 litterarum
688 3722 861 3787 eorundem
885 3719 1088 3784 dominorum
1102 3736 1254 3798 expresse

64 3829 155 3910 canit,
191 3844 264 3893 6666
297 3845 369 3892 cum
402 3826 540 3907 posteris
575 3827 790 3907 obligaturos,
821 3827 919 3906 prout
946 3822 982 3886 in
1010 3823 1124 3887 eodem
1156 3827 1189 3887 61
1221 3823 1255 3889 16

64 3930 181 3999 eudem
202 3928 324 3999 11116616
346 3930 474 4011 6166166
496 3930 697 4007 contimtum
721 3946 800 4009 quos
821 3931 854 3993 61
880 3944 990 3992 earum
1012 3929 1158 3991 tenorem
1180 3944 1253 4006 pre·
1267 3941 1290 3983 s.
1303 3941 1349 3985 ou.

10 4074 12 4085 =
64 4036 205 4105 sentibus
227 4033 378 4102 duximus
399 4033 604 4099 inserendum
630 4032 671 4097 de
693 4032 791 4096 verbo
822 4030 864 4096 ad
887 4029 1028 4103 verbum,
1051 4045 1113 4109 que
1136 4025 1185 4095 sic
1206 4029 1253 4095 16·

64 4139 153 4223 cipit:
