2910 4896
183 198 246 260 236

280 400 395 469 Villa
418 402 597 473 Clusina.
1376 460 1378 467 ,

279 508 359 573 Item
382 508 502 574 ibidem
526 514 577 573 est
599 512 875 591 pessumdandum
898 510 1045 589 lutulentum
1069 516 1104 575 et
1119 510 1243 577 firmum
1258 510 1339 575 etuti
1380 566 1384 577 .

180 610 325 691 edificia,
361 613 473 677 domus
507 620 540 676 et
573 614 722 677 hurrtuum
749 613 905 678 lateribus
939 620 1146 695 coopertum,
1181 616 1255 681 item
1282 632 1342 695 aqut

179 716 420 795 circumdatum,
445 735 500 781 sex
523 718 665 797 pIscinis.
703 719 781 781 Item
806 724 880 782 suunt
905 718 968 781 alie
991 720 1012 779 a
1034 717 1164 799 piscine
1194 718 1341 785 ibidenin
1380 790 1384 805 Ι

179 821 268 885 cauria
283 826 315 884 et
330 821 364 885 in
380 826 462 885 ertu.
487 822 567 886 Item
585 828 634 885 est
652 832 741 886 sutus
758 840 815 885 seu
830 824 1009 901 pomerium
1022 823 1185 901 pulcrum.
1209 824 1282 889 Item
1290 824 1343 889 mu

177 929 270 1007 prata
292 927 423 1006 copiosa
446 940 518 989 cum
540 926 623 990 bona
648 928 730 989 funs
756 926 836 989 Item
862 926 980 989 ibidum
1004 932 1082 991 suut
1097 928 1165 991 due
1181 928 1343 1005 agricultum

177 1032 217 1094 ab
241 1031 373 1109 antiquo
397 1030 580 1095 addictam
602 1032 724 1095 crurium
748 1036 939 1111 spectantes.
972 1030 1053 1095 item
1078 1038 1157 1096 sunt
1180 1032 1344 1099 hereditates

179 1135 377 1213 villanorum,
409 1152 472 1215 que
494 1136 585 1215 prius
609 1134 856 1207 cerusuabantur,
892 1135 946 1198 sed
970 1134 1022 1215 pie
1045 1136 1206 1200 memorie
1228 1135 1345 1201 domna

177 1238 305 1304 Sdenku
328 1239 506 1319 cupiditate
528 1241 644 1305 ductus
666 1245 830 1320 scutetum
861 1245 894 1303 et
925 1256 1076 1319 agrorum
1108 1258 1170 1321 pro
1201 1260 1237 1306 se
1261 1246 1289 1305 et
1303 1252 1345 1319 pru

177 1343 267 1408 cauria
299 1341 424 1424 prefata
447 1362 465 1406 a
488 1342 623 1409 willanis
653 1344 797 1408 exsoluit..
844 1343 925 1407 Item
960 1360 1072 1407 omnes
1105 1344 1223 1410 sillani
1254 1342 1345 1409 ibiuln

177 1453 328 1511 tenentur·
351 1454 382 1511 et
407 1446 539 1527 elitigati
569 1454 642 1511 sunt
672 1450 713 1512 ad
729 1449 878 1527 angarias
902 1466 959 1512 seu
981 1448 1116 1513 rubetas
1134 1446 1346 1529 infrascriptis:

178 1551 284 1614 Prima
324 1551 473 1614 videlicet
510 1550 645 1629 quilibet
682 1553 721 1614 de
759 1570 824 1617 una
860 1551 1041 1616 hereditate
1080 1552 1182 1617 debet
1221 1550 1256 1637 Ἴ,
1283 1550 1347 1615 den

177 1673 286 1720 aurare
310 1674 406 1735 super·
426 1654 627 1735 hyemalibus
650 1663 684 1720 et.
707 1656 803 1719 aliam
826 1655 911 1719 diem
934 1674 1032 1737 super·
1054 1656 1258 1721 estivalibus.
1287 1653 1348 1719 Itum

177 1759 295 1823 debent
327 1765 448 1823 anetem
486 1760 624 1839 quilibet·
647 1762 686 1824 de
710 1759 890 1824 hereditate
914 1760 956 1823 32
979 1778 1087 1837 sesag.
1123 1760 1347 1842 urranipulurun.

176 1862 220 1926 nt
235 1882 359 1928 summa
383 1865 497 1926 messis
519 1864 647 1927 illorum
671 1864 908 1944 truttnipulurnm
933 1868 982 1927 est
1006 1864 1092 1929 Ista:
1109 1865 1254 1929 sexcenti
1273 1866 1303 1927 et
1319 1861 1347 1925 II

177 1986 282 2047 sesag.
307 1968 346 2031 de
369 1966 570 2048 hyemalibus
594 1966 732 2046 demptIs
756 1966 957 2047 estivalibus,
981 1983 1043 2046 que
1067 1968 1185 2033 dicunt
1206 1972 1271 2033 tres
1288 1964 1349 2031 hun·

176 2089 227 2151 ny,
248 2070 324 2151 quia
347 2069 483 2151 quilibet.
504 2071 544 2133 de
561 2088 622 2133 una
637 2070 817 2135 hereditate
841 2070 938 2135 debet.
953 2077 1075 2136 metere
1099 2074 1121 2139 2
1144 2073 1217 2139 dies
1239 2074 1271 2139 in
1290 2068 1349 2135 csti-

177 2173 310 2239 ualibns.
356 2172 400 2237 m.
435 2182 510 2239 sunt
543 2174 741 2239 laureditates
765 2176 807 2239 20
839 2177 945 2239 minus
971 2176 1029 2258 ΙΝ.)
1056 2176 1203 2258 quartuli
1234 2172 1350 2255 demunt

176 2280 262 2359 agris
286 2279 443 2344 cmiarnm
468 2279 714 2358 rusticanarum,
750 2297 812 2360 que
836 2284 911 2342 sunt
933 2298 990 2360 pro
1014 2281 1106 2343 curia
1126 2280 1249 2345 ibidem
1268 2276 1349 2359 appli-

176 2382 283 2465 cat[e].
329 2384 410 2447 Item
443 2383 563 2447 debent.
597 2382 704 2447 lenum
739 2400 850 2447 secare
873 2390 906 2447 et
929 2402 1120 2465 componere
1154 2386 1190 2451 In
1224 2398 1348 2457 amram,

175 2488 230 2551 sed
247 2487 352 2551 coloni
369 2504 477 2552 omnes
492 2485 611 2550 debent
628 2486 785 2551 inducere.
822 2488 902 2551 Item
927 2488 1043 2552 debent
1068 2489 1159 2553 olera
1173 2489 1210 2555 in
1225 2486 1349 2555 omnum

175 2592 254 2655 ortis
288 2592 394 2655 locare
429 2609 487 2655 seu
523 2591 690 2655 sentinare.
736 2592 816 2655 Item
840 2592 959 2656 debent
979 2592 1086 2673 pisum
1118 2598 1242 2659 metere
1268 2608 1349 2673 quan·

173 2699 380 2776 tumcumque
403 2695 509 2759 iuuerit..
555 2696 635 2759 Item
660 2712 734 2760 oues
765 2696 883 2760 debent
916 2698 1024 2761 lauare
1058 2703 1092 2763 et
1125 2698 1261 2763 tundere
1289 2694 1349 2759 um

173 2799 243 2863 uice
265 2800 298 2862 in
323 2816 416 2863 anno.
441 2833 483 2845 -
506 2799 586 2861 Item
609 2798 730 2862 ibidem
762 2800 965 2864 sentienti
999 2801 1137 2866 ullarum
1172 2801 1277 2883 magni
1304 2812 1347 2879 um

174 2904 271 2969 curia.
318 2904 397 2967 Item
422 2906 441 2969 6
466 2903 528 2966 arti
550 2902 699 2983 minores,
735 2905 791 2983 qui
821 2910 968 2984 spectant
1002 2906 1044 2971 ad
1077 2922 1174 2987 agros
1207 2904 1346 2989 predicte

174 3007 375 3073 villanorum.
408 3008 487 3071 Item
511 3007 648 3087 quilibet
671 3008 809 3071 uilleums
834 3010 872 3072 de
895 3010 1076 3075 hereditate
1100 3012 1199 3077 solviI
1220 3012 1239 3075 2
1259 3004 1344 3089 pullus

174 3118 206 3175 et
224 3110 261 3197 Ὗ,
280 3129 386 3192 sesag.
412 3128 542 3176 osorum
567 3129 638 3174 trum
662 3111 796 3175 duobus.
821 3114 902 3176 Item
926 3132 1041 3179 census
1065 3132 1194 3181 annuus
1215 3118 1264 3180 est
1282 3110 1343 3175 cius

174 3221 207 3278 et
228 3216 314 3280 ultra
336 3217 376 3279 ‘II
401 3233 506 3296 sesag.
553 3217 633 3279 Item
657 3215 741 3279 silua.
764 3234 822 3296 pro
846 3218 936 3283 curia
966 3218 1049 3283 citra
1077 3222 1130 3285 uel
1153 3220 1233 3285 citra
1266 3214 1342 3301 [dra

173 3320 223 3383 uel
247 3321 363 3400 citrei]
387 3338 484 3384 usuum
507 3321 645 3385 laneum.

272 3420 386 3487 Villa
409 3423 746 3490 Horumieuziea

245 3526 253 3537 '
275 3526 354 3591 Item
377 3526 496 3591 ibidem
521 3534 595 3593 sum
619 3528 639 3592 3
663 3536 806 3593 sun-sture
837 3531 920 3597 bene
943 3536 976 3597 et
997 3534 1085 3599 ultra
1116 3552 1190 3599 cum
1213 3526 1336 3614 upana

173 3648 270 3695 unum
292 3630 379 3695 iacet
401 3631 461 3694 snb
485 3632 574 3695 curia
597 3635 631 3694 et
652 3633 751 3697 alium
775 3653 872 3716 suipra
894 3636 1025 3702 curiam.
1049 3638 1133 3703 Item
1154 3637 1271 3705 ibidem
1283 3630 1337 3697 suli
1381 3688 1384 3707 .

174 3736 263 3815 silue,
287 3736 437 3800 uidelicet
461 3734 656 3801 Stratisscze
679 3743 712 3801 et
736 3736 901 3805 Chothole.
941 3740 1021 3805 Item
1044 3740 1168 3809 ibidem
1190 3744 1262 3807 sunt
1280 3750 1336 3819 qut·
1382 3726 1384 3733 ¹

39 3904 52 3923 ‚
172 3846 247 3905 tuor
267 3841 391 3921 plscIne
414 3859 520 3921 parve,
544 3858 609 3905 turus
632 3842 691 3905 sub
708 3840 853 3923 Chutole
878 3864 943 3909 nna
965 3846 998 3909 in
1021 3844 1110 3927 villa,
1133 3846 1253 3912 unuin
1271 3836 1335 3907 cuti·

172 3951 205 4010 et
228 3950 342 4027 quarte
366 3945 424 4011 sub
449 3946 547 4010 curia
593 3947 674 4009 Item
697 3945 816 4010 ibidem
839 3948 993 4015 habemus
1014 3967 1116 4015 unum
1139 3956 1244 4016 ortum
1263 3954 1335 4029 utut!

173 4052 292 4114 curiam
316 4051 356 4114 de
379 4068 461 4115 novo
483 4051 674 4130 plantatum.
718 4051 798 4116 Item
821 4056 907 4133 nats,
931 4055 1015 4135 quod
1037 4054 1161 4121 ibidem
1183 4042 1336 4123 suntfflir'

101 4196 105 4204 -
132 4179 150 4207 a
173 4154 284 4218 laneus
308 4155 476 4234 solventes,
501 4158 532 4217 et
556 4154 595 4218 de
613 4152 758 4233 quolibet
779 4156 872 4221 laneo
894 4174 952 4238 pro
974 4155 1059 4223 festu
1079 4158 1111 4225 S.
1129 4158 1218 4225 Galli
1237 4150 1336 4225 uolunt

173 4258 213 4320 32
227 4276 282 4338 gr.
307 4263 340 4322 et
363 4277 419 4338 pro
443 4256 527 4323 festu
552 4257 583 4323 S.
608 4258 740 4337 sesami
757 4258 800 4323 30
815 4276 860 4339 gr.
885 4265 1020 4326 tantum.
1050 4262 1135 4329 Item
1158 4264 1199 4331 de
1221 4254 1335 4345 quantu

172 4360 266 4424 laneo·
288 4363 417 4427 solvunt
446 4381 504 4445 pro
535 4363 617 4428 festo
642 4362 672 4427 S.
699 4362 786 4429 Galli
808 4365 828 4429 6
850 4365 955 4446 pullos
986 4370 1019 4431 et
1048 4384 1109 4448 pro
1138 4366 1223 4435 feste
1243 4357 1335 4457 5.(ὶῇ

172 4463 255 4544 orgii
278 4465 320 4530 60
343 4484 411 4530 oue.
455 4465 537 4557 Item
560 4468 680 4532 ibidem
703 4469 839 4550 quilibet
860 4472 901 4537 de
933 4468 1028 4537 laneo
1062 4470 1163 4539 debet
1186 4472 1269 4539 dam
1292 4468 1335 4549 Isi
