2910 4896
181 202 242 270 160

277 421 360 486 Item
381 422 444 488 Jan
458 421 607 506 Rouskop
630 424 727 491 solvit
750 423 848 489 semei
869 423 905 488 in
921 441 1005 488 anno
1026 423 1062 489 in
1083 423 1167 489 festo
1191 443 1216 489 6.
1231 421 1369 489 Martini

179 524 218 588 16
242 544 287 606 gr.
312 532 345 590 et
367 545 425 608 pro
448 527 621 593 fumalibus
646 532 664 594 8
688 546 814 609 paruos.
900 547 902 552 ·

277 630 358 701 Item
381 629 586 716 Margaretha
608 633 721 698 subses
758 631 855 697 solvit
886 631 921 697 in
954 630 1039 696 festo
1070 650 1095 696 6.
1119 630 1254 696 Martini
1279 631 1298 693 9
1320 649 1365 712 gr.

175 743 273 806 semel
288 745 413 805 tantum
428 741 462 804 in
479 755 560 804 anno
578 742 610 803 et
622 737 718 802 debet
735 736 775 800 10
793 735 924 817 tapetia
940 739 1060 800 metere
1076 740 1110 801 et
1124 734 1264 802 fumalos
1280 736 1366 802 dare.

84 864 108 905 r.
121 866 153 905 a.
276 846 357 911 Item
373 844 506 911 Sbisska
521 846 611 908 tenet
625 845 691 907 tres
707 844 806 920 ortos,
831 839 928 905 solvit
942 841 982 906 16
997 839 1145 921 quolibet
1167 843 1239 906 orto
1263 838 1303 905 15
1318 858 1363 921 gr.

174 955 207 1014 et
229 951 325 1016 debet
349 950 390 1013 10
412 948 542 1030 capeeia
564 951 684 1011 metere
707 950 741 1009 et
764 947 783 1009 2
805 945 912 1025 pullos
933 945 1020 1009 dare.

278 1057 359 1120 Item
381 1053 499 1118 ibidem
524 1055 599 1117 sunt
630 1051 759 1132 igere,
793 1047 828 1112 in
858 1047 974 1130 quibus
1005 1052 1080 1115 sunt
1109 1047 1311 1117 trituletores
1333 1055 1364 1114 et

138 1227 141 1232 ,
175 1159 281 1224 661661
304 1159 465 1224 solventes
488 1177 546 1239 per
568 1159 589 1223 4
611 1177 657 1240 gr.

277 1264 358 1331 Item
381 1261 475 1330 Vnka
493 1263 729 1332 molendinator
752 1266 786 1332 in
802 1267 910 1332 liuzen
933 1267 1031 1332 habet
1053 1265 1272 1332 molendinum
1293 1280 1360 1328 oum

175 1391 239 1438 una
271 1378 344 1437 rota
366 1376 399 1435 et
421 1373 518 1437 debet
550 1391 607 1452 pro
632 1373 779 1437 omnibus
814 1371 1033 1437 solutionibus
1063 1375 1159 1451 prata
1181 1368 1269 1434 curie
1292 1386 1358 1432 eum

175 1481 311 1558 utroque
334 1477 407 1543 feno
430 1476 558 1556 falsare,
584 1479 737 1558 quociens
756 1476 855 1542 fuerit
870 1476 1098 1556 necessarium,
1123 1474 1181 1539 sed
1204 1475 1245 1539 de
1259 1472 1360 1554 parvis

174 1581 275 1661 pratis
298 1582 336 1646 de
360 1600 441 1646 novo
464 1581 655 1647 instauratis
678 1581 775 1646 debet
798 1582 889 1646 curia
912 1582 1045 1646 solvere.

277 1688 358 1752 Item
380 1686 450 1767 ipse
472 1685 567 1751 Vnka
591 1685 686 1751 debet
716 1687 793 1751 dare
816 1705 875 1768 pro
898 1683 1072 1750 fumuiibus
1096 1687 1115 1750 6
1139 1700 1263 1765 porros.
1302 1719 1306 1722 ·

277 1793 358 1856 Item
381 1810 491 1857 omnes
515 1791 629 1869 coloni,
668 1790 826 1867 subsides
860 1789 1062 1854 tritulatores
1084 1791 1236 1854 tenentur
1256 1786 1360 1853 fenum

174 1897 304 1976 siccare,
328 1897 362 1960 in
386 1912 517 1961 acervos
541 1912 733 1976 componere
755 1899 788 1959 et
812 1912 887 1959 ores
911 1893 1041 1958 abluere
1065 1895 1098 1957 et
1120 1894 1287 1972 tondere„

276 1998 404 2065 Summa
426 2018 540 2064 census
564 2019 588 2064 s.
614 1998 746 2082 Georgii
777 2000 796 2063 8
821 2015 927 2079 sexag.
955 2000 994 2062 10
1017 2016 1073 2078 gn,
1096 2016 1155 2081 pro
1179 1996 1356 2063 terminos.

175 2104 260 2169 Gelli
287 2107 326 2169 10
348 2121 454 2185 sexag.
481 2104 521 2167 13
544 2122 590 2185 gr.

277 2207 407 2273 Summa
428 2209 589 2290 pullorum
616 2209 685 2273 107.

275 2311 405 2378 Summa
427 2313 630 2395 eapeeiarum
655 2313 740 2379 1070
762 2317 796 2379 et
818 2313 942 2378 dierum
968 2315 1039 2378 126.

276 2415 405 2485 Summa
426 2418 595 2484 fumaiium
619 2418 662 2483 20
684 2436 729 2498 gr.
753 2419 772 2482 8
795 2419 897 2498 parvi.

92 2532 160 2574 nes.
276 2521 391 2588 Villa
413 2523 584 2606 Lybooz.
849 2572 852 2577 .

275 2629 312 2692 In
328 2627 407 2692 villa
421 2627 546 2710 Lyboez
563 2631 638 2694 sunt
653 2628 850 2693 hereditates
869 2628 907 2691 18
923 2630 957 2691 et
972 2627 1011 2691 de
1028 2624 1174 2706 qualibet
1187 2625 1359 2691 hereditate

174 2733 325 2795 tenentur
347 2731 494 2797 laborare
525 2728 586 2798 3¹8⁸
611 2731 725 2798 diebus
755 2731 789 2797 iu
823 2730 1003 2814 septimana
1033 2729 1099 2795 suis
1130 2730 1311 2810 sumptibus
1332 2731 1360 2793 et

175 2835 334 2915 expensis.

275 2940 356 3005 Item
380 2958 489 3006 omnes
511 2941 569 3007 isti
591 2941 748 3008 robotarii
773 2945 924 3006 tenentur
947 2942 1094 3007 robotsm
1118 2939 1152 3022 [i.
1176 2960 1205 3004 e.
1231 2937 1361 3022 lignmn]

172 3063 230 3125 per
254 3062 368 3125 aquam
392 3046 432 3110 de
449 3043 613 3112 Gosteleez
628 3047 799 3112 adductam
816 3045 1018 3129 [adductum]
1033 3044 1073 3109 de
1089 3044 1224 3109 flumine
1238 3043 1362 3110 Wltaue

173 3149 340 3214 extrahere
363 3153 397 3215 et
419 3151 453 3215 in
474 3153 577 3232 ripam
599 3152 634 3217 in
658 3152 804 3216 cumulos
827 3168 1028 3230 componere,
1053 3152 1087 3213 et
1107 3149 1207 3214 debet
1228 3148 1362 3231 quilibet

172 3251 316 3333 ipsorum
345 3254 415 3334 ipso
450 3256 503 3320 die
536 3256 656 3322 habere
686 3256 767 3321 duos
796 3274 896 3336 panes
926 3254 1117 3320 famulorum
1142 3256 1176 3317 et
1198 3254 1363 3321 cervisiam

174 3354 295 3420 familie
327 3361 360 3420 et
381 3359 488 3438 pisum
511 3363 638 3424 coetum
662 3378 736 3425 eum
759 3359 851 3425 lardo
873 3360 925 3423 vel
947 3377 1020 3424 cum
1044 3359 1140 3422 6166.4

276 3461 357 3525 Item
381 3465 431 3526 est
451 3462 498 3527 ibi
520 3464 676 3529 Pastorko
703 3463 838 3530 feodalis
862 3465 1005 3530 serviens
1028 3462 1237 3528 monasterio.

244 3589 247 3594 ·
276 3566 358 3630 Item
381 3565 467 3631 idem
489 3567 646 3633 Pastorek
665 3570 764 3635 habet
785 3587 880 3649 agros
904 3568 989 3633 eirca
1011 3567 1169 3648 piscinam
1192 3568 1234 3631 de
1250 3567 1363 3648 -graoia

173 3669 233 3734 sibi
258 3669 395 3751 additos,
419 3689 500 3753 quos
524 3675 613 3739 tenet
635 3673 676 3738 ad
699 3674 896 3739 voluntatem
918 3672 1041 3738 domini
1064 3670 1201 3736 abbatis.
1226 3708 1229 3713 ·

274 3774 355 3840 Item
377 3776 464 3841 idem
487 3777 643 3842 Pastorek
665 3776 766 3843 hebet
786 3796 886 3843 unum
910 3777 1089 3842 subsedem.
1220 3838 1222 3842 Α
1258 3792 1266 3798 ·

273 3879 353 3943 Item
369 3898 465 3942 unam
482 3880 694 3945 hereditatem
714 3880 734 3944 J
736 3881 895 3946 akubonis
910 3885 999 3946 tenet
1012 3880 1171 3961 plebanus
1191 3879 1227 3945 in
1243 3878 1366 3946 cambio

173 3980 214 4045 ad
236 3983 435 4048 voluntatem
458 3983 579 4049 domini
602 3983 737 4048 abbatis.

272 4086 353 4151 Item
375 4087 410 4150 in
433 4088 546 4152 eadem
564 4088 643 4152 villa
661 4091 712 4151 est
730 4089 870 4154 ecelesia
891 4089 1096 4171 paroehialis,
1122 4088 1214 4154 cuins
1234 4087 1292 4171 jns
1313 4107 1382 4170 pa·-

172 4192 320 4254 tronatus
343 4191 484 4271 pertinet
506 4192 548 4254 ad
569 4191 800 4257 monasterium
822 4193 1013 4258 Brzewnow.

272 4292 390 4360 Vilia
412 4293 693 4360 Weiesiewin.

271 4396 377 4462 Primo
401 4397 522 4462 Pessek
544 4397 641 4464 solvit
664 4399 797 4482 Georgii
819 4403 863 4468 20
884 4421 929 4483 gr.
955 4407 988 4466 61
1011 4401 1098 4468 Galli
1122 4403 1166 4468 20
1188 4421 1235 4484 gr.

268 4496 352 4564 Item
373 4499 518 4566 Andreas
541 4502 637 4568 solvit
660 4503 792 4586 Georgii
818 4504 857 4569 15
882 4524 927 4585 gr.
959 4509 991 4570 et
1014 4506 1101 4570 Galli
1126 4506 1166 4569 15
1188 4520 1235 4587 gr.
1260 4532 1264 4557 ι
