2894 4890
174 108 256 173 Item
279 106 399 172 debent
420 112 456 172 et
476 109 628 171 tenentur
650 104 915 186 omniaomina,
942 124 1006 187 que
1028 104 1116 170 cirea
1136 103 1370 171 monasterium

174 210 385 289 seminantur,
416 215 526 275 monte
546 211 650 274 eciam
672 209 707 274 in
729 208 870 289 Petrina,
900 211 968 274 tem
990 209 1154 291 hyemalia
1175 228 1273 291 quom
1295 208 1371 274 eati-

174 313 261 379 valia
281 316 403 376 metere
426 316 462 376 et
481 312 631 377 metendo
654 329 845 392 componere
860 316 894 376 et
908 312 942 376 in
958 330 1116 379 accerses
1130 313 1249 378 locere.
1272 312 1370 394 Ipsis·

174 435 237 497 que
259 415 458 481 messoribus
481 420 558 480 tunc
581 416 802 480 laborantibus
825 415 927 481 abhas
955 417 1054 481 debet
1086 417 1166 481 dare
1193 418 1269 497 pisa
1298 436 1370 482 cum

174 521 265 586 lardo
295 524 329 584 et
357 536 415 600 per
443 538 540 583 unam
570 519 705 585 libulam
734 519 827 600 panis
859 538 933 585 cum
955 519 1101 585 cervIsia
1145 521 1230 584 Item
1251 522 1371 587 ducent

174 623 304 689 domino
338 622 450 688 abbati
483 622 593 687 vinum
626 628 660 686 et
693 623 774 688 alias
809 640 966 702 expensas
1000 624 1255 705 qualescumque
1285 623 1371 689 inira

174 732 299 808 septem
336 726 486 790 miliaria
537 727 619 790 Item
653 727 781 790 litteras
798 726 939 817 ‚domini
972 726 1098 793 abbatis
1131 746 1190 807 pro
1228 728 1369 809 negociis

174 831 311 895 ecclesie
330 829 595 893 transmittendas
618 830 789 910 deportare
812 833 963 894 tenentur
985 829 1061 895 hino
1082 831 1157 894 inde
1178 830 1216 895 in
1236 831 1371 897 abbacia

78 955 101 996 n.
114 955 160 997 us
174 934 261 999 infra
282 936 404 1014 septem
428 933 585 1012 miliaria3
618 932 735 996 fratres
758 951 833 997 vcro
863 937 990 998 nostros
1020 950 1092 999 cum
1114 951 1228 998 eorum
1249 935 1370 999 vestitu

174 1038 216 1103 ad
239 1037 345 1102 curias
367 1037 435 1101 sive
457 1035 643 1116 parrochias
665 1036 930 1101 transmittendos
950 1036 987 1101 in
1008 1037 1077 1101 suis
1106 1037 1256 1103 curribus
1284 1037 1368 1103 infra

175 1145 298 1221 septem
321 1138 461 1203 miliaria
491 1138 659 1203 deducent.
704 1138 785 1203 Item
815 1141 874 1219 sal,
905 1156 1029 1220 sepum,
1064 1140 1222 1221 sagimen,
1256 1141 1369 1222 alceia,

173 1243 293 1324 vinum,
324 1242 410 1324 quod
431 1243 465 1307 in
487 1242 596 1325 parvis
618 1243 758 1308 vasculis
781 1261 840 1323 per
861 1243 986 1309 medIas
1015 1248 1073 1309 aut
1102 1243 1248 1326 integras
1278 1249 1371 1328 tynae

175 1347 215 1411 de
238 1347 369 1412 civilate
391 1345 546 1427 Pragensi
567 1345 603 1410 in
625 1345 694 1410 suis
717 1345 864 1411 curribus
888 1365 960 1411 oum
983 1347 1058 1412 aliis
1094 1352 1146 1413 est
1179 1355 1371 1415 consuetum

175 1450 344 1530 adducere,
361 1448 548 1531 [adducere]
564 1449 682 1514 debent
697 1452 731 1513 et
744 1453 903 1515 tenentur.
926 1448 1009 1515 Item
1025 1455 1133 1516 strues
1146 1453 1189 1517 do
1203 1451 1371 1532 Zachlum

175 1555 301 1634 quando
324 1552 466 1633 veniunt,
490 1557 641 1617 tenentur
664 1553 832 1618 extrahere
850 1555 891 1619 de
914 1572 999 1634 aqua
1017 1572 1089 1619 cum
1112 1553 1238 1620 familia
1260 1575 1370 1622 mona·

174 1657 275 1722 sterii.
320 1658 404 1721 Item
430 1658 585 1721 stramina
608 1677 666 1738 pro
689 1656 874 1738 hospitibus
897 1658 938 1722 ad
960 1658 1191 1724 monasterium
1212 1660 1266 1725 vel
1289 1661 1371 1725 alias

173 1779 231 1841 pro
247 1759 440 1824 necessitate
462 1757 628 1824 faciendas
644 1760 684 1824 de
701 1760 800 1825 curiIs
822 1764 974 1827 tenentur
995 1762 1157 1828 adducere
1172 1762 1261 1846 [sic].
1289 1764 1371 1829 Item

173 1865 322 1927 tenentur
338 1880 414 1927 oves
435 1861 569 1925 tondere
592 1866 625 1924 et
647 1862 756 1926 lavare
779 1862 829 1928 bis
851 1863 886 1928 in
910 1881 1002 1928 anno.
1026 1865 1069 1929 Et
1089 1864 1235 1946 predicte
1256 1867 1371 1932 robotc

172 1964 420 2046 distinguuntur
441 1964 476 2029 in
498 1963 583 2029 hunc
606 1966 745 2030 modum.

277 2068 356 2132 Item
381 2067 472 2132 curin
493 2067 570 2131 olim
593 2067 772 2135 Walssonis
794 2069 893 2135 habet
915 2071 936 2136 5
958 2072 1100 2138 rohotas.

276 2172 359 2236 Item
382 2171 472 2235 curio
494 2170 568 2234 oli1n
593 2170 773 2252 Kryohonis
796 2173 894 2239 hebet
916 2177 935 2239 2
959 2175 1098 2241 rohotas.

274 2274 356 2338 item
378 2272 606 2338 Wenozeslaus
629 2271 743 2357 Czwyk
765 2277 865 2343 habet
886 2278 907 2343 5
929 2279 1069 2345 rohotas.

274 2378 357 2441 Item
378 2375 483 2441 Blaha
505 2377 553 2441 do'
567 2375 757 2444 Hradczano
780 2379 878 2446 habet
901 2383 921 2446 2
943 2383 1083 2449 rohotas.

275 2479 355 2543 Item
378 2479 479 2544 Kosel
501 2479 601 2546 hahet
626 2483 642 2544 1
666 2482 822 2549 robotam.

272 2583 356 2648 Item
378 2582 605 2650 Wencuoslaus
627 2587 750 2652 Nouak
773 2588 870 2653 habet
895 2590 910 2652 1
936 2591 1092 2656 robotam.

273 2687 355 2751 ltem
377 2687 519 2753 Mathiss
541 2689 581 2754 de
602 2689 816 2756 Pohorzelecz
839 2693 938 2758 hahet
962 2695 978 2757 1
1002 2695 1157 2761 robotam.

274 2790 355 2854 Item
379 2789 483 2872 Gylek
506 2792 605 2858 habet
628 2795 644 2857 1
670 2795 826 2859 rohotam.

273 2892 376 2958 item
400 2893 466 2957 tale
485 2894 539 2975 jus
563 2899 613 2959 est
634 2896 670 2960 in
692 2897 903 2964 Trzesscuicz
925 2900 965 2965 ab
986 2903 1129 2984 antiquo,
1149 2905 1236 2984 quod
1261 2904 1368 2986 quivis

171 2997 313 3061 vendens
336 2999 466 3061 tenetur
487 2999 565 3063 dare
588 3000 716 3065 domino
740 3000 851 3066 abbati
866 3005 886 3070 2
903 3023 948 3085 gr.
972 3006 1013 3070 de
1037 3005 1182 3086 qualibet
1204 3026 1368 3090 sexagena

172 3103 206 3165 et
219 3098 370 3164 similiter
385 3118 494 3166 emens
508 3106 638 3167 tenetur
657 3104 761 3169 eciam
777 3106 853 3171 dore
869 3109 1092 3174 communitati
1111 3111 1131 3178 2
1150 3129 1197 3191 gr.
1214 3110 1256 3175 de
1276 3130 1368 3178 sexo-

171 3219 264 3283 goua.
299 3204 381 3267 Item
405 3217 529 3269 summa
551 3205 655 3271 tocius
680 3205 743 3290 ¹l26
764 3228 871 3292 sesag.
896 3212 1014 3293 absque
1038 3232 1083 3294 gr.

274 3307 381 3371 Item
405 3305 546 3374 Sarka.

272 3410 355 3475 Item
376 3409 497 3477 ibidem
520 3417 596 3479 sunt
617 3416 748 3496 quidam
772 3419 842 3500 agri
864 3439 976 3486 versus
1009 3422 1179 3503 antiquum
1209 3425 1366 3491 molendi·

170 3534 257 3594 num,
280 3532 361 3595 quos
383 3519 474 3581 tenet
496 3516 682 3584 Guutherus
705 3520 746 3585 dc
766 3521 922 3604 Lyssolag
944 3524 985 3589 ad
1004 3527 1203 3593 voluntatem
1226 3528 1366 3608 abbatis,

171 3623 209 3697 et,
226 3617 323 3684 solvit
345 3619 385 3683 de
408 3618 456 3685 eis
477 3640 536 3703 pro
557 3621 641 3689 festo
664 3623 695 3688 S.
719 3623 807 3690 Galli
831 3629 874 3699 12,
893 3647 942 3710 gr.
965 3633 998 3695 et
1020 3631 1156 3697 totidem
1190 3649 1251 3712 pro
1280 3631 1365 3698 festo

173 3722 204 3787 S.
230 3721 374 3802 Georgii.
419 3723 507 3790 Item⁴
526 3726 646 3792 ibidem
670 3734 746 3794 sunt
768 3732 869 3797 eciam
900 3733 1032 3813 quidam
1063 3735 1133 3815 agri
1163 3735 1224 3801 suh
1254 3741 1365 3804 monte

171 3824 311 3906 Wranye
333 3824 413 3891 hora
436 3828 636 3897 confidentes
659 3837 751 3913 prato
775 3836 973 3918 monasterii,
1000 3854 1080 3918 qnos
1103 3836 1191 3920 Gyra
1213 3840 1257 3905 de
1280 3839 1364 3907 Oko-

172 3928 250 3992 wicz
272 3932 363 3992 tenet
385 3931 427 3995 ad
449 3932 648 3999 voluntatem
672 3935 808 4016 abbatis,
839 3942 872 4002 et
894 3939 992 4004 solvit
1013 3941 1054 4006 de
1076 3941 1123 4007 eis
1144 3960 1202 4022 pro
1225 3943 1310 4011 festo
1333 3946 1364 4012 S.

172 4031 395 4113 catologi.
419 4039 453 4115 ot
474 4035 611 4103 totidem
633 4055 690 4119 pro
713 4035 797 4102 festo
821 4039 851 4105 S.
877 4040 1017 4122 Georgii.
1062 4044 1144 4109 Item
1170 4044 1292 4111 ibidem
1314 4053 1366 4115 est

173 4152 273 4198 unum
295 4138 427 4214 pratum
446 4155 518 4205 cum
535 4139 626 4207 silvis
642 4140 791 4225 copiosis
814 4148 911 4224 prout
925 4144 959 4210 in
976 4147 1044 4212 suis
1059 4149 1154 4214 metis
1170 4149 1364 4217 continetur.
