2894 4890
1194 198 1254 264 191

150 407 237 473 Item
263 410 416 473 11111111
436 408 488 473 bis
508 407 543 473 in
567 425 661 489 auno,
684 408 811 490 quando
827 408 1010 473 eommunia
1029 406 1153 487 jndicio
1176 408 1257 472 eele-

61 510 202 591 111111,
226 512 270 576 de
293 512 440 592 quolibet
462 514 555 577 laneo
577 532 638 593 per
655 515 669 576 1
688 531 734 594 gr.
758 514 847 591 dare,
872 512 929 575 sed
944 513 1079 575 tercium
1100 512 1256 593 judicium

60 612 276 698 hbet-judex
298 612 474 681 cuiuslibet
494 614 571 681 rille
594 622 629 681 et
649 618 747 682 solet
768 618 808 680 de
833 635 946 693 arona,
972 620 1126 696 quantum
1150 621 1257 695 potest

59 719 167 800 utere,
194 736 297 783 unum
319 719 500 800 prandium,
536 739 600 801 quo
634 720 732 785 debet
764 721 963 800 prepositum
987 739 1059 782 cum
1082 719 1255 783 clientibus

57 820 213 889 honorare
236 826 272 886 et
292 821 436 903 reficere,
461 824 511 888 vol
526 829 623 905 prout
644 824 764 905 poterit
786 842 857 887 oum
872 821 1036 904 preposito
1060 822 1254 887 concordare

57 926 87 991 11
105 926 256 1008 pecunia
276 926 329 991 vol
350 926 385 991 in
408 914 518 993 auena.

150 1030 242 1095 Item
265 1030 307 1094 de
329 1030 476 1112 quolibet
497 1033 591 1097 laneo
614 1031 773 1098 dictarum
800 1031 950 1096 uillarum
975 1031 1103 1095 solvunt
1125 1048 1183 1111 pro
1206 1028 1242 1095 iu

54 1133 193 1200 malibus
215 1152 277 1216 per
302 1135 323 1198 6
345 1153 471 1215 parvos.

148 1238 238 1303 Item
261 1255 372 1303 omnes
392 1237 519 1320 judices
541 1239 701 1306 dictarum
724 1240 873 1304 villarum
898 1240 1027 1305 solvunt
1051 1238 1146 1303 simul
1165 1257 1251 1304 com·

56 1345 214 1423 ponentes
238 1341 325 1407 circa
349 1341 482 1424 Georgii
516 1343 538 1408 4
560 1362 664 1425 sexag.
690 1348 722 1407 et
745 1342 913 1408 Michaelis
944 1345 965 1407 4
988 1362 1094 1426 sesag.
1118 1342 1247 1409 racione
1261 1364 1342 1407 aas.

56 1445 280 1527 atriolorum,
303 1463 366 1528 quo
388 1449 584 1513 monasterio
606 1449 724 1513 debent
748 1448 908 1527 exhibere,
932 1453 966 1513 et
988 1466 1051 1513 non
1074 1447 1207 1512 iaciunt.

153 1550 242 1615 Item
275 1552 461 1631 notandum,
497 1553 582 1632 quod
615 1553 649 1616 in
683 1551 919 1617 hereditatibus
951 1552 1047 1616 huius
1080 1551 1248 1616 districtus

56 1655 175 1735 triplex
196 1654 338 1719 habetur
359 1674 518 1737 mensura,
541 1656 694 1721 videlicet
716 1656 838 1735 laneus,
863 1656 954 1736 virga
975 1659 1009 1719 et
1031 1655 1196 1734 quartale3
1219 1659 1254 1718 et
1345 1672 1349 1679 ·

56 1758 126 1823 ideo
152 1758 196 1822 12
210 1757 301 1840 virge
317 1757 440 1824 faciunt
462 1779 561 1827 unum
585 1761 712 1826 laneum
737 1766 770 1825 et
785 1765 922 1843 quatuor
944 1759 1106 1841 quartalia
1128 1757 1253 1824 faciunt

54 1880 148 1927 unam
173 1862 308 1943 virgam.

116 1984 119 1989 ·
154 1966 240 2031 Item
249 1967 433 2050 notandum,
447 1969 534 2050 quod
548 1971 742 2051 quicumque
756 1971 791 2034 11
802 1971 914 2036 codem
925 1967 1075 2034 districtu
1085 1967 1255 2032 honorum·

55 2074 85 2134 et
104 2069 261 2136 uillarum
284 2069 383 2135 habat
404 2089 516 2154 equos,
549 2074 668 2154 quibus
699 2074 740 2139 ad
772 2076 885 2140 silvam
916 2073 1022 2154 porgit
1055 2070 1252 2137 monasteriis

55 2174 92 2239 de
112 2172 265 2255 quolibet
286 2192 370 2256 oquo
393 2176 491 2241 debet
518 2177 596 2241 dare
621 2175 659 2260 ¹l2
685 2179 784 2243 strIeh
808 2178 1000 2242 11111112
1022 2193 1069 2256 gr.
1091 2179 1124 2241 et
1146 2175 1160 2237 1
1183 2175 1254 2255 pul-

55 2278 117 2343 lum
142 2278 280 2345 solvere.

154 2379 239 2447 Item
261 2383 450 2463 notandum,
474 2386 561 2467 quod
580 2386 711 2451 sculteti
733 2385 784 2451 vel
799 2386 855 2467 qui
877 2386 999 2450 habent
1019 2385 1140 2450 liberas
1161 2385 1254 2448 here·

57 2486 174 2553 ditatas
197 2505 259 2553 111
279 2488 402 2569 laneos,
427 2507 500 2555 cum
523 2489 620 2555 alicui
640 2491 694 2572 jus
713 2504 806 2556 snum
828 2491 981 2570 vendunt,
1005 2493 1081 2555 tunc
1103 2493 1255 2554 tenentur

10 2598 12 2609 '
58 2591 134 2658 dare
156 2592 326 2674 proposito
350 2593 397 2658 13
413 2612 461 2675 gr.

154 2712 240 2779 Item
261 2732 362 2779 unum
385 2714 613 2795 molendinum,
638 2718 724 2799 quod
739 2717 838 2782 situm
860 2721 910 2783 est
933 2719 967 2783 in
991 2716 1155 2795 suburbio,
1180 2733 1254 2779 oen-

57 2820 128 2882 auat
151 2819 302 2899 sculteto,
334 2823 442 2884 tamen
466 2821 507 2884 ad
530 2819 647 2885 festum
678 2842 702 2886 s.
734 2821 903 2887 Michaelis
925 2838 985 2902 pro
1008 2838 1106 2886 consu
1127 2818 1253 2884 heredi-

57 2922 140 2986 tario
163 2924 296 2986 tenetur
318 2923 413 2987 nobis
436 2924 515 2988 dare
539 2924 579 2987 16
603 2942 648 3004 gr.

154 3042 352 3124 Notandum,
389 3045 475 3126 quod
505 3062 613 3110 omnes
651 3046 737 3111 lanei
767 3045 913 3127 judicum
943 3047 1093 3109 tenentur
1121 3043 1254 3108 robotas

55 3145 163 3212 iacere
186 3146 229 3211 ad
251 3147 440 3212 mandatum
462 3149 619 3230 prepositi
642 3149 727 3214 sicut
750 3149 807 3213 alii
830 3149 926 3230 lanei,
958 3149 1036 3213 licet
1057 3147 1121 3229 ipsi
1144 3150 1254 3212 contra

55 3242 227 3332 priuilegia
250 3269 308 3316 sua
343 3252 407 3317 sibi
429 3255 553 3316 sextum
584 3251 713 3317 laneum
745 3251 786 3316 ad
816 3251 1019 3317 serviendum
1049 3251 1083 3316 in
1106 3251 1253 3318 omnibus

59 3352 183 3419 iniuste
205 3358 379 3435 usurpant3
403 3354 479 3434 quia
506 3355 608 3420 solum
634 3360 758 3420 sextum
786 3357 952 3422 denarium
980 3354 1113 3439 dejure
1135 3355 1254 3422 doben-t

57 3455 189 3537 habere,
213 3456 272 3522 sed
295 3477 359 3522 non
382 3458 479 3524 aliud.

156 3577 359 3646 Ecclesia
382 3579 651 3663 parochialIs
675 3581 713 3645 in
736 3580 922 3648 Brumow
955 3582 1012 3646 dat
1035 3597 1146 3649 omncs
1168 3582 1255 3647 utili-

59 3685 144 3747 tates
169 3682 305 3748 ecclosie
328 3684 493 3767 preposito
516 3684 637 3749 ibidem
671 3690 704 3772 11
734 3706 791 3767 per
814 3707 848 3751 11
872 3687 974 3752 solum
997 3689 1124 3751 tantum
1146 3686 1254 3767 habet,

58 3776 424 3869 quantum'prepositua
448 3788 504 3852 dat
521 3786 593 3870 sibi,
619 3792 651 3853 et
666 3791 774 3869 potest
791 3789 900 3853 venire
922 3808 980 3870 per
1003 3788 1158 3855 ciaculum
1180 3791 1257 3855 anni
1312 3808 1314 3813 ·

56 3889 95 3955 de
119 3887 293 3956 offertoriis
317 3891 358 3956 16
381 3910 487 3972 sesag.

159 4009 348 4085 Notandum
380 4012 407 4077 11
431 4014 571 4079 occurrit
594 4013 757 4079 dominum
789 4013 939 4079 abbatem
973 4013 1106 4078 bernam
1139 4032 1197 4095 per
1219 4034 1254 4081 se

58 4111 222 4194 colligere,
247 4119 325 4180 tune
349 4134 458 4180 omnes
482 4117 616 4183 taberne
639 4121 789 4183 tenentur
811 4117 889 4182 dare
911 4134 969 4197 per
992 4117 1033 4180 33
1056 4135 1102 4197 gr.

158 4233 240 4300 Item
265 4236 435 4317 quodlibet
456 4235 646 4302 maccellum
669 4240 798 4303 tenetur
821 4236 945 4303 solvere
968 4237 1010 4301 33
1034 4256 1079 4317 gr.

159 4353 241 4419 Item
276 4355 444 4434 quodlibet
477 4357 677 4438 tentorium,
717 4358 751 4425 11
785 4357 903 4438 quibus
936 4355 1114 4437 pannirices
1148 4361 1253 4428 solent

60 4456 193 4523 tondere
215 4474 292 4522 1111
315 4475 447 4540 pannon,
470 4462 621 4527 tenantur
643 4461 720 4526 dare
745 4460 853 4542 ibgr.
