2894 4890
69 40 139 559 Q
1160 183 1204 253 ὃ,

153 391 330 474 orphannns
348 393 392 459 al
409 393 639 459 discrecionem
656 395 755 461 etatis
771 392 963 475 perveniret,
978 400 1013 461 ct
1025 393 1210 476 specialiter

86 494 133 559 'el
157 495 316 576 predictus
344 500 435 563 tenet
456 501 491 563 ct
511 497 611 564 habet
631 498 679 561 4⁰¹
703 495 878 578 sexagffgr.
901 503 936 562 et
959 499 1002 563 14
1021 516 1068 581 gr.
1093 501 1126 563 et
1146 497 1209 563 Bo·

69 596 149 664 anu
176 598 340 681 predictus
374 602 417 667 46
451 621 497 684 gr.
532 605 622 667 tenet
655 605 689 666 et
721 600 882 682 possidet3
919 606 953 667 et
986 602 1015 667 si
1047 603 1211 685 predictus

69 700 201 781 monus
231 704 273 769 de
302 703 365 783 hoo
394 706 503 771 seculo
533 705 697 787 migraret,
727 709 804 770 tunc
833 703 931 771 debet
961 705 1088 771 devolvi
1114 724 1210 787 super

69 805 255 873 emeterium.
299 804 545 875 Fideiusseruut
576 808 670 874 ambo
701 807 903 875 insolidum
933 826 1031 873 manu
1058 808 1208 875 indivisa.

69 912 105 973 sto
122 914 195 977 sumt
215 911 278 977 hec
298 910 334 977 in
355 913 523 993 presencia
543 912 565 977 J
567 911 702 979 ohannis
725 911 862 979 abbatia

118 1015 211 1081 nnnc
255 1016 379 1081 domini
412 1015 582 1083 millesimo
616 1016 843 1081 trecentesimo
881 1016 1089 1099 nonogesimo
1124 1035 1210 1085 nono

69 1136 121 1185 nm
141 1119 239 1185 nobis
262 1120 440 1187 venerabili
457 1121 527 1186 viro
547 1120 677 1186 domino
695 1120 855 1201 iohanne,
885 1120 1001 1187 abbate
1020 1121 1210 1199 monasterii

69 1242 78 1287 s
95 1229 253 1307 tempore,
276 1223 436 1290 discretus
456 1223 507 1290 vir
520 1224 727 1290 Bemhardus
743 1223 850 1291 dictus
864 1223 972 1306 Vgeca
986 1224 1027 1291 de
1040 1225 1211 1292 zahrcdek

69 1326 241 1395 itcuriam
264 1347 337 1393 cnm
359 1328 539 1395 hereditate
560 1328 596 1394 in
618 1329 696 1393 villa
718 1328 807 1395 diota
834 1328 1094 1397 Boianouicz
1122 1330 1211 1396 circa

69 1433 145 1499 ulum
169 1435 325 1499 clientem
346 1451 404 1515 pro
424 1435 468 1501 20
484 1452 593 1515 sesag.
615 1432 721 1499 rninus
743 1432 787 1498 30
804 1452 849 1515 gr.
875 1452 948 1499 cum
969 1433 1118 1501 omnibus
1138 1453 1211 1516 per·

69 1537 177 1620 euciis,
213 1555 280 1618 que
311 1538 476 1619 pertinent
508 1544 542 1601 et
575 1541 723 1621 spectant
756 1538 797 1603 ad
831 1536 950 1603 dictam
982 1539 1106 1605 curiam
1135 1538 1211 1621 jure

69 1642 131 1722 vili,
156 1660 225 1724 quo
247 1642 319 1725 ipse
341 1642 461 1708 Paulus
484 1641 591 1707 tenuit
612 1646 646 1707 ot
666 1641 814 1723 possedit
833 1640 933 1707 nichil
954 1642 1152 1724 excipiendo.
1229 1656 1232 1663 '

113 1746 259 1812 Duchek
282 1747 322 1811 do
344 1746 503 1813 Petrow
531 1750 661 1813 tenetur
680 1764 739 1828 pro
761 1747 897 1813 retentis
920 1746 1055 1828 singulis
1077 1764 1206 1827 compu-
1227 1759 1304 1806 eut·

69 1850 157 1917 'usto
181 1870 229 1933 gr.
254 1850 406 1931 cottidie,
430 1852 556 1917 solvere
577 1851 674 1916 debet
696 1854 788 1917 ertm
808 1855 990 1932 presentem
1012 1849 1154 1916 bernam.

116 1955 270 2021 (ielittko
299 1957 342 2021 ‹le
371 1956 495 2021 Petrow
524 1960 653 2021 tenetur
680 1974 739 2037 pro
765 1954 902 2021 retentis
932 1953 964 2039 Ἰ,
990 1973 1096 2037 serug.
1119 1957 1139 2021 2
1162 1973 1209 2038 gr.

115 2058 241 2125 Jelsess
271 2059 392 2125 ibidem
420 2064 550 2126 tenetur
571 2078 631 2142 pro
660 2060 798 2125 retentis
827 2058 987 2125 universis
1017 2059 1211 2142 computatis

92 2182 128 2228 se
150 2164 227 2245 ipso
250 2164 292 2228 27
315 2180 374 2246 gr,
396 2183 456 2247 pro
478 2164 620 2229 Rotlewo
643 2162 686 2228 45
709 2182 754 2245 gr.
776 2163 928 2244 cottidie3
950 2165 1179 2230 terminus...

116 2265 246 2333 Hanczl
268 2267 309 2331 de
329 2266 454 2334 Petrow
475 2270 606 2333 tenetur
625 2285 684 2348 pro
707 2267 878 2335 Duchcone
900 2267 944 2333 30
964 2288 1024 2351 gr,
1052 2268 1211 2333 terminus

90 2370 206 2439 Prisce
230 2371 273 2435 ad
295 2371 502 2438 solucionem.

116 2474 333 2557 Klopyssowa
354 2479 484 2541 tenetur
504 2493 563 2556 pro
585 2477 721 2542 retentis
745 2477 786 2541 22
810 2495 857 2559 gr.

116 2577 261 2645 Duohelr
281 2580 323 2644 de
344 2576 469 2645 Petrow
491 2584 621 2645 tenetur
641 2598 700 2661 pro
721 2581 858 2646 retentis
883 2579 1032 2646 censibus
1054 2576 1102 2644 Sti
1125 2577 1212 2645 Galli

75 2702 166 2751 anno
189 2682 276 2766 20¹l,
300 2699 407 2764 serug.
431 2688 465 2748 et
487 2685 507 2748 3
531 2702 576 2765 gr.

116 2788 217 2853 Anno
231 2786 354 2852 domini
367 2787 538 2854 millesimo
559 2787 784 2854 trecentesimo
798 2786 946 2855 Lxxxx
964 2807 1048 2854 nono
1067 2787 1211 2855 homines

76 2890 185 2958 Liben
209 2890 332 2968 Pessat,
367 2890 491 2957 Marrik
522 2896 555 2956 et
583 2890 710 2957 Franko
739 2910 805 2957 una
834 2910 906 2958 cnm
935 2892 1066 2958 domino
1091 2890 1211 2973 Uhr'co,

69 2997 186 3079 posito
208 2995 344 3062 ecclesie
359 2996 537 3077 Slanensis,
560 2998 773 3078 susceperint
793 2996 937 3063 laborem
955 2997 990 3061 in
1008 2994 1211 3076 aurifodinis,

69 3103 171 3167 elicet
194 3100 429 3181 aqueductum,
451 3101 537 3180 quod
559 3101 721 3182 wlgariter
735 3105 891 3182 wasmaeg
912 3106 1144 3182 nunccupatur,
1177 3102 1213 3166 in

69 3205 204 3271 editate
222 3205 313 3270 curie
327 3204 430 3269 Liben
449 3205 490 3268 ad
505 3204 614 3270 omnis
630 3203 705 3285 jura
720 3205 902 3269 communia
914 3208 949 3269 et
963 3204 1213 3272 consuetudines

69 3308 198 3376 undum
220 3309 419 3389 exigenciam
440 3309 529 3374 illius
551 3308 672 3374 laboris
694 3308 898 3391 approbatas,
929 3309 1081 3376 videlicet
1102 3325 1214 3391 quam·

69 3416 133 3479 lin
156 3412 240 3477 locis
262 3413 352 3492 prius
374 3412 548 3477 elaboratis
568 3413 604 3477 in
626 3413 737 3479 labore
759 3432 795 3479 se
817 3419 985 3497 occupant,
1011 3416 1098 3496 qnod
1118 3416 1215 3497 wlga-

69 3538 99 3584 er
121 3535 243 3600 sczyny
263 3523 427 3597 uocantur,
451 3522 606 3598 quantum
627 3519 770 3598 poterint
791 3519 825 3584 in
839 3519 920 3586 locis
935 3519 1025 3602 prius
1040 3519 1215 3584 nominatis

69 3622 103 3686 ri
126 3620 307 3702 acquirere,
330 3621 391 3685 hoc
413 3621 448 3685 in
470 3620 649 3686 subsidium
672 3623 723 3686 sui
744 3622 865 3690 laboris
895 3624 965 3689 sine
995 3623 1084 3689 omni
1111 3621 1214 3703 impe-

69 3731 166 3791 nento
202 3728 235 3788 et
268 3725 433 3788 solucione
466 3728 618 3789 tenentur
648 3724 777 3790 habere.
822 3726 997 3808 Postquam
1029 3730 1138 3791 autem
1172 3725 1213 3790 ao

69 3830 164 3895 idum
194 3828 262 3894 sive
291 3827 509 3909 integritatem
539 3826 659 3893 laboris
691 3828 904 3909 pervenerint,
938 3830 1024 3909 quod
1052 3829 1214 3910 vulgariter

69 3935 108 3999 :le
131 3936 277 4012 vocatur,
307 3936 425 3996 extunc
455 3935 527 3996 octo
556 3930 650 3996 tunes
677 3936 881 3997 mensuratos
908 3936 985 3997 aute
1013 3928 1122 3998 omnia
1149 3931 1214 4012 ipsi

69 4056 79 4102 s
101 4050 163 4102 sno
187 4035 297 4101 labore
319 4036 515 4101 tenebuntur
535 4035 665 4101 habere.
689 4034 792 4112 Quem
810 4036 939 4117 quidem
953 4036 1090 4118 primurn
1105 4034 1215 4101 funem

69 4142 204 4207 :undum
226 4139 467 4207 estimacionem
489 4140 611 4205 laboris
632 4139 729 4204 nnius
759 4137 833 4218 diei,
865 4141 951 4220 quod
971 4140 1148 4221 wlgeriter-
1162 4158 1214 4205 aa·

69 4260 145 4328 mye
180 4251 409 4326 nunccupatur,
441 4245 637 4312 tenebuntur
670 4242 803 4321 solvere,
838 4243 918 4308 allos
952 4248 1059 4307 antem
1091 4248 1214 4325 septem

69 4368 118 4414 res
133 4350 310 4414 secundum
326 4348 566 4413 estimationem
584 4347 667 4411 lucri
684 4344 757 4410 auri
775 4347 970 4411 tenebuntur
988 4362 1094 4412 emere
1109 4352 1141 4411 et
1155 4363 1215 4430 pro

69 4456 105 4520 sis
125 4444 200 4518 curn
220 4455 350 4519 domino
371 4455 573 4517 concordare.
607 4451 721 4517 Testes
742 4449 847 4533 huius,
870 4450 1019 4516 dominns
1038 4450 1214 4544 lohannes,
